2014 3169
195 122 263 174 68
896 121 1178 165 PALLADE

678 286 774 339 DE
818 287 1009 340 OLEO
1050 286 1400 340 LAVRINO.

105 389 323 443 XVIIII
436 390 573 442 Item
619 390 759 442 lauri
798 391 946 443 bacis
988 391 1165 443 oleum
1206 390 1520 443 conficietur
1558 392 1661 444 hoc
1701 393 1874 445 modo.

191 465 332 516 lauri
387 465 547 517 bacas
605 482 766 532 quam
817 465 1078 532 plurimas
1129 468 1182 516 et
1229 465 1543 517 maturitate
1593 470 1874 536 turgentes

193 539 250 590 in
299 557 438 606 aqua
487 537 659 591 calida
706 539 904 591 bullire
945 538 1109 591 facies
1152 542 1226 605 et,
1280 538 1373 590 ubi
1421 538 1511 591 diu
1561 539 1876 608 ferbuerint,

194 612 312 680 olei,
349 613 492 681 quod
518 631 582 664 ex
609 631 663 664 se
690 613 1008 681 dimiserint,
1034 612 1435 680 supernatantis
1461 613 1657 666 undam
1682 614 1874 683 pennis
1922 634 1942 666 5

191 687 386 739 leuiter
427 687 744 756 cogentibus
784 686 841 738 in
881 705 1012 738 uasa
1051 685 1410 738 transfundes

621 878 720 931 DE
764 878 952 931 OLEO
995 876 1451 930 LENTISCINO.

100 981 202 1035 XX
265 980 614 1036 {Lentiscini
661 983 827 1035 etiam
871 982 974 1035 olei
1015 986 1227 1034 matura
1269 982 1534 1035 confectio
1577 985 1680 1051 est,
1729 1001 1862 1052 quae

187 1057 251 1109 fit
276 1057 473 1109 taliter.
523 1075 691 1127 grana
715 1060 928 1109 matura
953 1057 1168 1109 lentisci
1195 1075 1356 1125 quam
1380 1057 1614 1125 plurima
1641 1056 1864 1125 colliges

189 1135 242 1184 et
288 1149 397 1183 una
443 1132 526 1183 die
576 1150 636 1183 ac
683 1135 840 1184 nocte
884 1149 1045 1199 supra
1085 1149 1140 1183 se
1182 1135 1432 1183 aceruata
1471 1148 1586 1183 esse
1626 1131 1865 1200 patieris.
1897 1152 1938 1184 ιο

189 1205 376 1258 deinde
418 1209 660 1275 sportam
701 1205 884 1275 granis
922 1206 1122 1258 eisdem
1153 1205 1370 1273 plenam
1404 1205 1717 1273 cuicumque
1749 1224 1866 1257 uas—

189 1280 309 1332 culo
345 1298 672 1348 superpones
708 1283 761 1331 et
795 1279 966 1332 calida
999 1280 1209 1331 adiecta
1242 1279 1473 1332 calcabis
1508 1283 1562 1330 et
1587 1280 1865 1348 exprimes.

187 1358 317 1406 tunc
356 1373 420 1406 ex
459 1373 519 1406 eo
560 1372 768 1420 umore,
810 1354 901 1422 qui
942 1353 1245 1417 defluxerit,
1295 1356 1648 1422 supernatans
1690 1353 1868 1406 oleum

187 1429 535 1480 lentiscinum
562 1429 701 1480 sicut
725 1427 996 1480 laurinum
1022 1428 1322 1497 colligetur.
1375 1431 1643 1480 memento
1671 1431 1867 1495 autem,

188 1521 254 1555 ne
295 1502 474 1576 rigore
513 1503 689 1572 possit
730 1502 1008 1571 adstringi,
1051 1520 1246 1572 aquam
1288 1501 1515 1554 calidam
1557 1520 1713 1570 saepe
1749 1502 1870 1554 sub·
1897 1522 1937 1554 15

190 1575 431 1629 fundere.

570 1694 667 1747 DE
711 1693 1202 1747 GALLINARVM
1245 1693 1502 1746 PARTV.

99 1799 230 1852 XXI
347 1798 685 1852 Gallinarum
718 1802 904 1867 partus
933 1798 1319 1851 fecunditatem
1342 1798 1541 1866 repetit
1564 1796 1667 1849 hoc
1688 1814 1870 1849 mense

189 1877 316 1943 post
362 1874 662 1939 brumalem
711 1874 962 1942 quietem.
1040 1876 1094 1925 et
1141 1873 1407 1941 incipiunt
1455 1871 1521 1923 ad
1568 1871 1867 1924 educandos

191 1948 368 2016 pullos
412 1967 514 2001 oua
555 1948 800 2016 subponi.
1905 1969 1945 1999 ρο

567 2140 665 2193 DE
709 2139 1118 2194 CAEDENDA
1158 2138 1508 2192 MATERIE.

103 2246 262 2299 XXII
375 2245 495 2298 Hoc
528 2246 692 2297 etiam
726 2263 905 2296 mense
940 2244 1204 2297 caedenda
1230 2242 1481 2295 materies
1508 2246 1589 2294 est
1617 2242 1683 2294 ad
1706 2241 1875 2294 fabri-

193 2340 325 2390 cam,
367 2339 488 2373 cum
527 2320 655 2371 luna
694 2318 969 2387 decrescit,
1009 2323 1063 2370 et
1103 2317 1310 2370 redicae
1350 2317 1436 2369 uel
1477 2317 1587 2385 pali
1626 2315 1875 2369 faciendi.

317 2456 338 2493 1
373 2449 523 2493 laurio
557 2451 600 2493 L
624 2452 637 2505 Η
663 2455 686 2492 2
723 2462 777 2492 ex
808 2448 928 2492 lauri
955 2451 1075 2505 pia,
1111 2463 1165 2491 ex
1198 2449 1301 2492 incl.
1329 2462 1416 2504 cys
1450 2450 1464 2503 Η
1503 2452 1531 2490 4
1564 2447 1645 2489 diu
1678 2460 1759 2490 om.
1787 2447 1838 2490 E
1864 2447 1882 2505 Η

195 2517 220 2555 5
253 2510 410 2567 pinnis
445 2510 610 2566 PLQ,
657 2508 826 2566 pannis
870 2510 912 2552 G
958 2511 971 2563 Η
1020 2513 1042 2550 7
1091 2508 1169 2551 DE
1220 2506 1373 2551 OLEO
1423 2521 1503 2550 om.
1546 2507 1589 2550 G
1633 2509 1648 2562 Η
1694 2511 1719 2549 8
1764 2506 1879 2549 Len-

195 2570 303 2614 tisci
339 2571 381 2614 θ’
409 2572 413 2625 1
444 2568 534 2612 olei
567 2568 710 2611 etiam
743 2569 793 2611 Ε
827 2571 841 2624 Η
882 2573 906 2610 9
942 2567 1123 2624 colligis
1159 2566 1645 2624 PQLVSETGFi
1690 2567 1705 2622 Η
1746 2570 1800 2608 10
1833 2568 1881 2608 et

196 2629 245 2672 in
286 2644 379 2672 una
421 2630 485 2686 (μ’
529 2630 542 2683 Η
592 2634 644 2670 12
687 2626 958 2684 superponis
1002 2627 1418 2684 PQVSFszac,
1466 2639 1603 2682 super
1639 2623 1789 2682 pomis
1822 2626 1878 2679 L,

198 2688 419 2746 supponis
454 2689 503 2731 E
529 2692 533 2741 Ι
564 2687 779 2743 exprimis
815 2686 1295 2743 PLQVSETFG‚
1337 2684 1686 2741 et—exprimes
1726 2685 1838 2727 omi
1867 2685 1882 2741 Η

201 2753 253 2791 13
289 2748 401 2804 quid
428 2747 659 2790 effluxerit
684 2749 727 2789 P
748 2749 761 2803 Η
788 2752 841 2789 14
866 2746 1075 2789 laureum
1101 2744 1338 2802 colligitur
1362 2745 1410 2787 E
1432 2748 1445 2801 Η
1472 2750 1524 2787 15
1550 2743 1742 2786 fundere
1767 2744 1809 2786 L
1825 2743 1879 2799 G,

200 2807 530 2864 superfundere
562 2821 595 2861 J)
619 2810 632 2861 Η
660 2812 711 2849 19
747 2809 792 2849 et
825 2820 906 2850 om.
935 2806 983 2848 E
1005 2808 1017 2861 Η
1045 2812 1094 2848 21
1131 2805 1209 2847 DE
1243 2803 1570 2848 CAEDENDA
1593 2801 1878 2846 MATERIE.

198 2866 577 2909 Hoc—faciendi
611 2880 691 2909 om.
720 2867 795 2908 El
819 2868 832 2920 Η
858 2870 912 2907 22
946 2862 1144 2907 materia
1171 2864 1247 2907 ΕΞ
1274 2866 1279 2920 Ι
1309 2863 1552 2906 adfabrica
1580 2863 1621 2906 G
1644 2865 1659 2918 Η
1684 2867 1738 2905 23
1770 2861 1881 2904 ridi-

201 2940 280 2970 cae
314 2927 550 2979 editiones,
584 2925 763 2969 radices
804 2926 850 2980 T,
885 2924 1040 2967 radice
1075 2925 1132 2979 F,
1166 2923 1349 2967 redicae
1383 2922 1458 2966 uel
1491 2938 1572 2967 om.
1595 2937 1629 2977 p
