2014 3169
127 103 234 157 262
829 104 1114 148 PALLADE

125 226 249 278 lere.
328 226 419 278 diu
459 230 644 279 tamen
683 226 823 295 apud
863 229 916 278 te
956 226 1218 295 pudorem
1258 244 1438 278 meum
1477 224 1682 294 distuli,
1721 224 1814 277 sed

125 300 231 353 hoc
271 300 426 370 quasi
458 301 632 353 bonus
667 300 902 352 famulus
935 299 1053 353 feci.
1115 318 1307 353 uerum
1338 299 1538 369 008010,
1581 300 1627 352 81
1657 302 1815 351 tuum

76 374 196 430 3οᾶ
234 374 333 427 has
385 374 545 427 modo
593 374 854 427 minutias
901 373 1195 427 inclinetur
1239 374 1534 445 ingenium.
1612 373 1814 444 grande

129 449 233 500 erit
274 452 328 500 et
366 467 465 517 par
505 449 768 501 desiderio
811 467 924 515 800,
966 449 1111 517 quod
1144 447 1311 501 studii
1350 449 1432 500 tui
1473 451 1696 517 quaeret
1729 447 1816 499 ad-

126 522 308 575 fectiO.
372 526 427 575 et
465 523 593 576 licet
626 524 688 575 de
721 523 807 575 his
839 521 999 592 nugis
1033 521 1412 575 fauorabiliter
1453 522 1671 588 sentiaS‚
1712 539 1812 591 ego

128 615 275 648 meas
332 614 459 666 opes
511 598 823 651 existimare
875 614 987 649 non
1042 597 1247 650 differo,
1329 616 1439 650 non
1494 599 1577 649 est
1631 594 1816 666 magni

128 671 234 722 loci
291 671 502 724 assibus
559 672 831 724 intuendis
880 671 1063 724 oculos
1113 671 1328 724 duxisse
1375 689 1471 740 per
1519 670 1815 740 puluerem,

131 745 257 813 quia
280 745 463 798 nescio
497 746 762 816 quomodo
803 748 966 798 notae
1001 749 1128 798 sunt
1161 745 1423 816 quaedam
1456 745 1816 798 maximarum

127 837 483 887 personarum
523 821 733 873 minuta
773 820 1086 889 conpendia.

125 1130 417 1201 Pasiphile,
458 1135 681 1185 ornatus
720 1133 859 1201 fidei,
901 1133 986 1185 cui
1025 1133 1139 1185 iure
1180 1132 1427 1200 fatemur,

203 1206 249 1257 si
290 1207 419 1274 quid
458 1206 515 1258 in
554 1225 749 1260 arcano
789 1208 1027 1277 pectoris
1069 1207 1262 1259 umbra
1302 1208 1457 1276 tegit,

126 1279 210 1331 bis
253 1284 459 1349 septem
499 1300 713 1350 parUOS,
755 1299 889 1350 opus
931 1280 1247 1352 agricolai-e,
1285 1281 1516 1350 libellos,

204 1373 338 1422 quos
378 1374 568 1408 manus
609 1357 742 1409 haec
783 1357 1003 1425 scripsit
1041 1358 1196 1425 parte
1239 1354 1432 1408 silente
1472 1355 1685 1423 pedum,

75 1430 224 1482 5000
266 1430 487 1482 strictos
527 1431 766 1482 numeris
806 1449 904 1482 nec
937 1430 1210 1500 Apollinis
1253 1448 1408 1482 amne
1450 1430 1678 1482 fluentes

202 1503 294 1555 sed
333 1523 470 1572 pura
509 1508 725 1557 tantum
764 1504 1070 1557 rusticitate
1103 1505 1270 1557 rudes

128 1579 487 1647 commendas,
528 1579 785 1649 dignariS,
825 1598 974 1631 amas
1015 1583 1070 1632 et
1109 1579 1241 1631 uilia
1281 1578 1426 1631 dicta

202 1652 418 1705 adfectu
457 1654 591 1705 socii
632 1653 963 1706 sollicitante
1005 1654 1154 1706 colis.

125 1745 268 1779 0000
307 1727 426 1780 ideo
468 1728 739 1780 modicum
780 1747 1023 1781 crescens
1064 1727 1262 1780 fiducia
1303 1744 1520 1779 carmen

40 1800 109 1852 10
203 1801 404 1854 obtulit
443 1802 670 1855 arbitrio
711 1802 1054 1855 laetificanda
1094 1807 1205 1855 tuo.

128 1878 183 1928 et
219 1879 439 1929 nostrae
481 1877 722 1929 studium
761 1895 872 1929 non
912 1875 1319 1930 condemnabile
1360 1874 1547 1927 Musae

201 1950 470 2003 urbanum
509 1951 611 2003 fari
652 1950 975 2004 rusticitatis
1018 1969 1174 2020 opus:

130 2025 228 2076 sub
269 2025 498 2077 thalami
539 2026 715 2094 specie
757 2025 940 2078 felices
980 2025 1205 2095 iungere
1248 2024 1429 2092 siluas,

202 2102 264 2150 ut
303 2100 484 2152 suboli
523 2100 726 2152 mixtus
770 2103 977 2153 crescat
1015 2100 1289 2168 utrimque
1329 2099 1504 2166 decor,

42 2170 111 2223 15
129 2191 534 2242 connexumque
574 2193 764 2227 nemus
806 2174 1007 2227 uestire
1051 2174 1316 2226 adfinibus
1357 2171 1562 2225 umbris

204 2251 257 2299 et
297 2248 514 2318 gemina
552 2252 772 2317 partum
810 2249 1101 2301 nobilitare
1144 2266 1312 2315 coma,

128 2321 437 2375 foederibus
480 2323 690 2375 blandis
732 2323 914 2375 dulces
956 2323 1283 2376 confundere
1324 2338 1481 2374 sucos

205 2401 259 2449 et
297 2397 503 2450 laetum
544 2396 743 2466 duplici
786 2397 942 2467 fruge
985 2397 1195 2466 saporis
1238 2396 1332 2448 ali:

249 2562 273 2599 2
307 2557 419 2601 fecit
451 2558 539 2614 ΗΙΙ
571 2564 596 2600 3
629 2558 767 2602 modo
802 2558 861 2600 ad
892 2557 978 2600 has
1011 2558 1067 2600 H
1093 2560 1108 2614 Η
1138 2562 1166 2600 4
1199 2557 1396 2612 quaerat
1426 2556 1490 2611 D,
1523 2555 1692 2611 querat
1723 2553 1777 2597 H
1804 2553 1821 2612 ΙΙ

131 2622 156 2660 6
192 2616 438 2660 aestimare
471 2632 620 2662 onmes
646 2623 827 2673 praeter
858 2617 973 2660 ΒΗ
1014 2618 1019 2674 }
1071 2616 1194 2660 enim
1227 2630 1314 2672 pro
1360 2617 1431 2659 est
1461 2615 1510 2658 D
1556 2616 1571 2671 ΙΙ
1619 2618 1644 2657 8
1677 2626 1820 2669 quae-

131 2676 240 2718 dam
273 2679 381 2719 sunt
412 2677 528 2720 DH
561 2680 566 2733 l
618 2677 685 2720 De
725 2676 1025 2720 insitionibus
1065 2676 1186 2719 liber
1216 2674 1345 2718 XHII
1375 2675 1537 2719 inserit
1570 2673 1625 2728 O,
1668 2673 1820 2729 Argu-

128 2737 336 2778 mentum
353 2737 410 2779 H
428 2739 442 2792 Η
469 2742 522 2780 10
547 2736 759 2793 Passigle
776 2737 833 2779 H
856 2741 860 2786 Ι
890 2734 1344 2792 Pasiphile—micet
1367 2748 1450 2779 om.
1476 2734 1521 2777 A
1550 2735 1555 2790 Ι
1585 2731 1785 2777 cumD²

129 2793 328 2838 fatemer
358 2796 437 2839 D¹
471 2798 485 2852 Η
527 2802 581 2839 14
616 2795 812 2852 scriptos
844 2795 923 2839 D1
951 2797 956 2852 1
987 2794 1237 2851 appollinis
1262 2794 1308 2837 B
1345 2793 1361 2851 11
1410 2798 1463 2837 16
1497 2790 1703 2850 digneris
1728 2790 1774 2834 B

130 2852 247 2896 uilia
278 2855 439 2909 D2H‚
472 2855 592 2898 Iulia
623 2856 672 2899 D
689 2856 716 2911 ¹,
750 2854 923 2898 rustica
956 2856 1087 2898 ceteri
1110 2856 1124 2910 ΙΙ
1151 2859 1203 2897 17
1222 2852 1392 2897 Affecti
1416 2853 1462 2896 B
1478 2852 1491 2877 ¹
1514 2854 1529 2909 ΙΙ
1554 2856 1610 2895 20
1637 2863 1821 2894 000100-

133 2911 291 2956 dabile
322 2914 378 2956 H
397 2916 410 2970 {l
437 2920 490 2958 23
523 2915 687 2959 mistas
720 2916 768 2961 D
792 2916 806 2972 ΙΙ
832 2919 886 2958 27
919 2913 1066 2958 fetum
1097 2928 1118 2958 s

1842 1155 1884 1187 10

1842 1525 1882 1558 15

1843 1896 1886 1929 20

1843 2265 1885 2299 25
