2014 3169
196 85 304 136 252
899 80 1179 125 PALLADII

196 224 320 258 raro
361 206 529 257 linteo
579 204 853 255 inuolutos
895 205 1148 271 mergunt
1188 205 1242 253 et
1287 219 1460 252 nouos
1502 200 1726 252 subinde
1765 218 1879 268 per-

197 283 427 332 mutant.
490 277 584 331 ubi
622 280 725 330 hoc
756 277 839 329 bis
875 280 968 328 aut
1000 275 1165 328 tertio
1199 275 1438 341 fecerint,
1479 275 1617 326 sales
1649 273 1881 326 iniciunt

200 357 253 406 et
291 354 349 405 in
389 353 494 405 alia
533 371 665 404 uasa
704 351 1029 403 translatum
1069 368 1164 418 per
1195 367 1393 417 paucos
1428 347 1538 400 dies
1579 347 1750 400 sidere
1789 366 1880 417 pa-

124 429 157 480 3
199 428 424 479 tiuntur.
511 426 651 494 quod
709 426 754 478 si
806 424 1022 493 aliquod
1074 423 1272 475 animal
1327 422 1468 474 forte
1520 422 1776 474 deciderit
1827 425 1882 474 et

201 502 377 553 oleum
418 501 700 569 putredine
742 518 802 552 ac
841 498 1028 550 nidore
1068 497 1296 566 uitiarit,
1335 497 1525 548 iubent
1566 495 1756 548 Graeci
1797 513 1880 549 co·
1927 516 1947 549 5

199 575 403 627 riandri
442 575 779 642 manipulum
820 573 876 624 in
918 572 1022 624 olei
1062 574 1292 623 metreta
1325 569 1578 639 suspendi
1610 572 1771 638 atque
1803 570 1882 622 ita

199 650 384 717 paucis
427 650 614 701 diebus
656 666 886 699 manere.
965 645 1011 698 si
1051 645 1187 698 nihil
1221 646 1283 697 de
1316 644 1539 697 horrore
1573 643 1881 711 decusserit,

198 724 517 775 mutandum
559 721 922 790 coriandrum,
977 721 1143 771 donec
1192 722 1473 788 superetur
1520 718 1624 770 hoc
1670 717 1881 770 uitium.

201 798 291 849 sed
332 798 562 849 maxime
603 794 844 864 proderit
895 798 1021 863 post
1071 812 1227 846 senos
1269 793 1381 845 dies
1421 793 1478 844 in
1516 810 1648 844 uasa
1687 792 1885 844 munda

125 872 162 922 4
201 871 515 923 transferre:
574 870 781 938 meliUS,
823 869 868 921 si
909 872 1120 920 acetum
1161 871 1284 919 ante
1324 870 1600 918 uexerunt.
1665 865 1881 933 quidam
1910 885 1952 917 ιο

200 946 310 997 feni
365 945 542 1015 graeci
595 962 775 996 semen
827 943 1029 995 siccum
1080 942 1378 1009 tritumque
1425 940 1751 1009 permiscent
1795 939 1883 991 uel

200 1021 447 1072 incensos
490 1019 769 1088 oleaginos
816 1018 1074 1069 carbones
1125 1016 1182 1067 in
1232 1016 1351 1083 ipso
1402 1016 1519 1067 oleo
1571 1013 1885 1081 frequenter

202 1095 538 1163 extinguunt.
604 1093 650 1145 si
691 1092 913 1144 acerbus
955 1091 1086 1143 odor
1125 1090 1314 1156 fuerit,
1353 1107 1490 1141 uuae
1532 1091 1885 1157 excrementa,

203 1187 339 1236 quae
390 1168 580 1220 Graeci
631 1167 848 1236 gigarta,
897 1168 1118 1233 uocant,
1169 1164 1508 1233 praecipiunt
1559 1165 1682 1214 tusa
1729 1164 1782 1213 et
1827 1161 1885 1213 in

203 1251 442 1294 massam
483 1242 698 1294 redacta.
739 1240 978 1291 mersari.
1917 1254 1959 1288 15

488 1478 587 1530 DE
631 1476 818 1530 OLEO
859 1473 1190 1528 RANCIDO
1236 1472 1609 1527 CVRANDO.

120 1583 253 1636 XXI
370 1582 562 1636 Oleum
595 1582 871 1633 rancidum
901 1578 1091 1632 Graeci
1122 1579 1376 1631 adserunt
1408 1578 1484 1630 sic
1516 1595 1674 1646 posse
1701 1577 1890 1629 curari.

208 1658 388 1710 albam
432 1675 609 1709 ceram
650 1655 849 1707 mundo
885 1658 938 1705 et
979 1654 1185 1722 optimo
1222 1655 1339 1705 oleo
1380 1652 1675 1703 resolutam
1715 1653 1769 1702 et
1802 1651 1890 1702 ad-

205 1732 311 1784 huc
351 1732 649 1799 liquentem
702 1729 851 1781 mitti
899 1729 954 1780 in
995 1746 1055 1780 eo
1095 1727 1308 1794 iubent,
1355 1730 1483 1778 tunc
1523 1726 1660 1777 sales
1699 1724 1889 1777 frictos

207 1806 442 1858 calentes
477 1805 615 1872 addi,
650 1803 846 1873 operiri
875 1807 1034 1871 atque
1069 1802 1310 1871 gypsari:
1345 1801 1421 1852 sic
1453 1800 1585 1867 fieri,
1616 1802 1679 1851 ut
1712 1799 1888 1851 oleum
1915 1819 1959 1851 20

204 1882 469 1949 purgetur
510 1897 700 1948 sapore
743 1882 798 1929 et
831 1878 992 1929 odore
1026 1879 1249 1927 mutato,
1310 1875 1484 1927 oleum
1518 1877 1701 1925 tamen
1733 1890 1890 1925 omne

205 1955 261 2006 in
317 1953 545 2006 terrenis
597 1953 730 2004 locis
784 1970 899 2003 6336
957 1950 1278 2002 seruandum
1333 1952 1387 2000 et
1439 1966 1556 2000 eam
1604 1947 1717 2000 eius
1773 1965 1889 1999 esse

205 2032 473 2096 naturam,
513 2031 575 2078 ut
617 2027 727 2078 sole
760 2026 847 2077 uel
887 2024 1012 2094 igne
1045 2027 1306 2093 purgetur
1339 2023 1425 2074 uel
1466 2040 1605 2091 aqua.
1644 2021 1892 2088 feruenti,

209 2102 255 2154 si
298 2101 456 2153 simul
497 2101 826 2152 misceantur
865 2099 921 2150 in
960 2098 1196 2150 113361110.

329 2297 352 2333 2
377 2291 574 2334 mittunt
604 2291 756 2346 13693
781 2292 795 2344 Η
820 2294 844 2331 3
877 2288 1039 2344 paucis
1073 2288 1237 2331 diebus
1258 2302 1292 2343 p
1320 2289 1325 2343 Ι
1355 2285 1453 2328 side
1482 2285 1531 2341 Q,
1564 2283 1766 2328 residere
1791 2284 1840 2327 Ε
1840 2298 1890 2340 p,

210 2350 450 2394 subsidere
483 2352 636 2407 iacys
660 2351 673 2404 Η
697 2354 724 2391 4
759 2348 796 2391 31
831 2347 1022 2402 aliquod
1055 2361 1136 2390 om.
1164 2347 1266 2402 SF,
1312 2345 1502 2400 aliquod
1534 2358 1614 2388 om.
1642 2345 1718 2400 ip,
1763 2342 1889 2398 quod

211 2410 249 2452 si
283 2409 455 2453 anima-l
488 2409 607 2453 fort-e
641 2407 869 2451 deciderit
901 2406 1091 2461 aliquod
1122 2407 1251 2450 habet
1282 2405 1332 2448 E
1360 2408 1373 2461 ΙΙ
1406 2409 1430 2446 5
1463 2403 1624 2447 nidere
1652 2403 1702 2459 Q,
1735 2416 1791 2446 ac
1821 2400 1891 2444 ni-

209 2470 318 2512 dore
337 2484 416 2512 om.
433 2470 483 2526 p!
502 2467 694 2511 uitiauit
715 2468 765 2522 V,
784 2466 1027 2509 uitiauerit
1044 2466 1224 2522 Εα693
1243 2466 1245 2519 ᾖ
1266 2463 1493 2508 coliandri
1511 2464 1605 2506 PL
1618 2461 1656 2518 Q
1673 2461 1869 2506 VSEF
1887 2461 1893 2519 Ι

210 2534 233 2570 7
267 2528 429 2571 nidore
455 2542 543 2583 pro
574 2528 761 2570 horrore
794 2540 920 2583 3693
949 2527 953 2581 Ι
984 2524 1234 2568 decesserit
1264 2538 1285 2567 s
1316 2526 1329 2578 11
1364 2528 1388 2566 8
1425 2522 1714 2566 coliandrum
1747 2521 1841 2564 PL

216 2588 426 2642 VSEF,
461 2590 531 2630 est
564 2600 652 2629 cor.
687 2587 838 2642 iacgys
863 2587 876 2640 ΙΙ
902 2590 926 2627 9
951 2584 1113 2640 postX
1141 2583 1239 2626 dies
1258 2598 1293 2639 p
1316 2585 1330 2638 ΙΙ
1358 2587 1411 2625 10
1439 2581 1606 2625 Melius
1633 2579 1856 2623 autemE
1881 2578 1887 2637 Ι

209 2647 428 2690 uixerunt
459 2647 514 2701 L,
549 2644 795 2688 iniecerint
827 2645 876 2687 E
905 2646 918 2699 11
952 2649 1003 2685 11
1039 2643 1341 2699 fenugrecum
1375 2641 1547 2684 siccum
1578 2640 1664 2696 Ep
1691 2642 1696 2696 Ι
1732 2650 1890 2682 semen

210 2721 291 2750 om.
318 2706 378 2749 S¹
404 2708 417 2761 ΙΙ
444 2711 497 2747 13
532 2704 779 2761 extingunt
803 2704 852 2746 E
863 2703 925 2755 G,
959 2703 1241 2758 immergunt
1259 2717 1294 2758 p
1323 2704 1327 2757 Ι
1356 2715 1449 2744 11113
1478 2700 1515 2756 Q
1541 2703 1548 2755 Ι
1576 2702 1782 2743 extrema
1805 2697 1855 2740 E

212 2770 265 2808 14
298 2765 486 2821 gigarat
519 2765 582 2819 F,
617 2762 810 2821 γίγαρτα
844 2764 996 2819 13693
1041 2765 1045 2817 Ι
1096 2765 1235 2804 tunsa
1266 2761 1315 2804 E
1351 2764 1365 2815 ΙΙ
1415 2765 1467 2802 15
1499 2755 1785 2814 indempsari
1810 2770 1846 2812 p

213 2829 265 2867 18
300 2828 346 2867 et
379 2823 696 2878 adliquentem
724 2823 765 2866 G
802 2824 815 2876 ΙΙ
857 2826 909 2864 19
936 2821 1035 2864 0160
1063 2835 1150 2876 pro
1183 2834 1235 2863 eo
1262 2819 1567 2876 SEFiacys
1591 2819 1605 2873 ΙΙ
1629 2821 1684 2860 23
1709 2815 1891 2859 feruen-

209 2883 269 2925 tis
298 2884 339 2926 G
368 2885 372 2939 1
402 2880 438 2926 si
473 2897 552 2926 om.
593 2882 870 2937 PLQVWJ'
896 2883 908 2934 ΙΙ
935 2886 988 2922 24
1021 2880 1271 2923 misceatur
1307 2879 1402 2921 TE
