2014 3169
106 638 126 670 5

84 1008 125 1038 10

83 1377 123 1408 15

79 1747 122 1777 20

78 2113 121 2144 25

798 122 990 168 AGRIC.
1018 123 1039 166 I
1064 129 1178 167 5—ss
1800 125 1827 175 7

198 273 295 326 DE
337 272 740 357 INDVSTRIA
782 274 875 326 ET
913 271 1395 326 NECESSARHS
1438 273 1536 349 AD
1577 274 1781 326 RVRA

771 360 1215 414 SENTENTHS.

262 463 363 517 Sed
402 465 496 517 ubi
536 466 682 534 11888,
723 483 857 534 (11188
897 465 1169 517 naturalia
1210 469 1336 517 sunt
1376 484 1545 534 neque
1578 465 1815 518 humana
1845 467 1919 518 VI

153 558 251 607 ope
300 540 476 592 curari
506 543 775 609 possunt,
822 538 1134 608 diligentius
1177 540 1499 607 aestimariS,
1550 541 1737 609 exequi
1778 545 1831 592 te

153 613 404 665 conuenit
451 617 687 681 partem,
735 630 869 682 quae
917 616 1088 664 restat
1134 613 1451 665 industriae:
1505 614 1653 665 cuius
1700 613 1832 667 haec

152 687 256 739 erit
295 705 421 739 cura
459 688 545 739 uel
586 687 843 756 maxima,
882 690 942 738 ut
980 686 1100 756 haS,
1142 705 1273 755 quas
1316 687 1539 753 subieci,
1581 706 1644 739 ex
1686 689 1831 740 omni

153 779 311 829 opere
343 761 545 813 rustico
578 761 634 813 in
666 761 856 830 primis
890 761 1082 812 debeas
1109 764 1290 812 tenere
1318 762 1626 813 sententias.
1683 781 1832 830 prae-

152 836 327 886 sentia
382 835 584 887 domini
632 838 920 903 prouectus
970 837 1052 886 est
1099 835 1229 904 agri.
1308 835 1456 887 color
1502 838 1676 887 terrae
1723 855 1832 888 non

152 926 348 977 magno
401 927 559 977 opere
608 909 961 977 desideretur,
1013 909 1104 976 qui
1152 909 1414 961 bonitatis
1462 909 1698 961 incertus
1748 914 1830 962 est

150 987 351 1035 auctor.
416 1000 613 1051 genera
654 983 895 1034 omnium
936 983 1273 1035 surculorum
1310 983 1397 1034 uel
1430 982 1650 1052 frugum
1681 1002 1829 1051 prae-

152 1056 309 1124 clara,
342 1057 434 1109 sed
466 1057 624 1108 terris
658 1057 766 1108 tuis
802 1060 1036 1125 experta⁷
1070 1057 1361 1108 committe.
1423 1057 1478 1108 in
1511 1075 1653 1109 nouo
1688 1058 1830 1109 enim

151 1147 344 1198 genere
401 1131 664 1183 seminum
729 1134 852 1182 ante
908 1131 1332 1198 experimentum
1393 1148 1501 1182 non
1564 1134 1645 1182 est
1709 1150 1828 1200 spes

150 1207 271 1256 tota
309 1205 569 1273 ponenda.
631 1204 764 1257 10818
805 1205 1000 1256 umidis
1044 1205 1248 1256 semina
1287 1203 1444 1256 citius
1480 1223 1641 1272 quam
1673 1205 1828 1258 siccis

151 1278 498 1347 degenerant:
540 1297 702 1346 quare
744 1278 968 1330 subinde
1010 1281 1287 1330 succurrat
1328 1278 1530 1330 electio.
1601 1278 1825 1342 ferrarii,

150 1351 393 1421 lignarii,
463 1352 730 1404 doliorum
801 1370 1163 1420 cuparumque
1231 1352 1462 1404 factores
1524 1354 1827 1406 necessario

149 1426 382 1477 habendi
431 1429 578 1492 sunt,
624 1444 690 1478 ne
731 1444 761 1476 a
799 1426 982 1478 labore
1024 1426 1232 1478 solenni
1272 1427 1503 1478 rusticos
1546 1444 1706 1478 causa
1746 1428 1830 1479 de-

148 1500 460 1552 siderandae
490 1500 639 1553 urbis
667 1503 891 1552 auertat.
944 1499 1078 1552 locis
1105 1500 1317 1569 frigidis
1345 1518 1375 1551 a
1400 1500 1619 1552 meridie
1647 1501 1830 1554 uineta

147 1576 432 1643 ponantur,
472 1574 659 1626 calidis
693 1593 723 1626 a
756 1574 1138 1642 septentrione,
1172 1573 1488 1642 temperatis
1522 1575 1586 1625 ab
1623 1575 1827 1627 oriente

146 1647 255 1715 uel,
305 1648 350 1700 si
395 1666 611 1700 necesse
654 1648 746 1715 sit,
797 1647 1085 1700 occidente.
1156 1667 1439 1716 operarum
1479 1649 1619 1700 ratio
1661 1667 1827 1701 unum

151 1721 367 1774 modum
414 1726 595 1774 tenere
642 1741 752 1774 non
796 1725 978 1791 potest
1017 1722 1074 1773 in
1113 1726 1266 1773 tanta
1306 1721 1620 1774 diuersitate
1662 1726 1828 1776 terra-

148 1814 289 1847 rum:
322 1798 376 1847 et
406 1796 525 1847 ideo
561 1795 662 1848 soli
694 1799 748 1847 et
777 1795 1086 1864 prouinciae
1114 1796 1442 1848 consuetudo
1469 1795 1624 1848 facile
1653 1801 1826 1849 osten-

148 1869 260 1938 det,
309 1868 401 1936 qui
446 1888 700 1921 numerus
748 1888 1181 1938 unamquamque
1229 1888 1344 1921 rem
1383 1869 1569 1937 faciat,
1618 1871 1731 1922 siue
1771 1871 1827 1922 in

149 1943 376 1995 surculis
426 1943 538 1995 siue
586 1942 643 1995 in
691 1942 836 1995 omni
883 1962 1076 2012 genere
1118 1947 1372 1995 satorum.
1444 1962 1578 2011 quae
1618 1944 1826 2012 florent,

149 2019 360 2068 constat
407 2035 516 2069 non
563 2035 678 2069 esse
726 2017 1011 2086 tangenda.
1087 2017 1221 2069 bene
1273 2016 1401 2086 eligi
1451 2018 1672 2069 serenda
1718 2037 1827 2071 non

149 2093 395 2158 possunt,
438 2088 544 2142 nisi
582 2091 685 2143 hoc
726 2090 965 2143 officium
1004 2092 1152 2159 prius
1194 2091 1398 2160 eligens
1439 2092 1698 2144 adsumat.
1770 2094 1826 2145 in

149 2165 329 2216 rebus·
356 2164 662 2234 agrestibus
711 2166 940 2216 maxime
990 2164 1168 2218 officia
1211 2165 1466 2217 iuuenum
1507 2170 1826 2236 congruunt,

266 2329 290 2366 2
326 2323 568 2367 sententiis
603 2324 663 2367 ad
696 2338 804 2366 rura
835 2325 884 2366 E
928 2327 941 2379 Η
988 2329 1011 2366 3
1046 2324 1161 2367 11888
1198 2339 1279 2368 om.
1314 2325 1364 2367 E
1407 2327 1420 2380 Η
1467 2328 1499 2367 4
1527 2339 1686 2368 curare
1718 2326 1781 2369 61
1817 2327 1820 2383 Ι

147 2382 408 2426 aestimaris
457 2383 645 2438 exsequi
685 2384 767 2439 Vl,
813 2383 1051 2426 aestimari
1099 2386 1145 2426 et
1188 2383 1376 2438 exsequi
1420 2384 1552 2439 QV²¹⁷
1602 2384 1823 2440 estimari⁷

148 2441 314 2496 exequi
337 2443 386 2484 E
393 2442 419 2497 1,
454 2441 743 2486 est-imaueris
777 2442 942 2497 exequi
966 2442 1056 2498 ΕΞ,
1089 2442 1385 2485 extimaueris
1420 2442 1585 2497 exequi
1615 2444 1653 2497 τ’,
1688 2445 1824 2487 aesti-

147 2499 369 2556 maueris‚
403 2501 568 2557 exequi
600 2517 650 2557 α,
692 2500 1032 2557 aestimaueris,
1073 2501 1262 2556 exsequi
1294 2504 1467 2558 (398116
1500 2502 1576 2544 1181
1619 2516 1700 2545 om.
1734 2504 1784 2546 E

149 2564 172 2602 7
205 2559 376 2603 rustice
396 2559 432 2615 Q
460 2560 464 2618 Ι
492 2560 718 2616 imprimis
741 2562 780 2603 T
805 2563 810 2616 Ι
837 2574 1119 2617 magnopere
1141 2561 1306 2617 6Ε98
1329 2564 1342 2616 [Ι
1369 2566 1393 2603 9
1419 2560 1644 2603 bonitatis
1671 2576 1751 2605 om.
1774 2578 1822 2618 p,

146 2618 455 2675 benignitatis
487 2620 649 2664 habent
681 2621 771 2663 SE
793 2623 806 2675 ΙΙ
844 2624 897 2662 10
932 2620 1165 2664 sulcorum
1193 2621 1242 2662 Ε
1249 2621 1275 2674 1,
1310 2619 1514 2662 011111111111
1545 2634 1637 2662 11011
1670 2635 1824 2664 surcu-

144 2677 295 2721 lorum
328 2678 398 2734 Vl
427 2677 646 2721 fruticum
678 2680 720 2721 V
747 2682 760 2735 Η
787 2684 840 2721 14
878 2679 1219 2735 degenerantur
1249 2680 1299 2722 E
1328 2682 1340 2734 Η
1376 2685 1430 2722 15
1461 2678 1651 2735 lignarii
1681 2680 1823 2723 ferra-

145 2736 204 2779 rii
240 2738 280 2779 T
320 2737 324 2793 Ι
367 2737 617 2780 necessarii
653 2739 692 2781 T
735 2741 747 2794 Η
798 2743 849 2780 17
888 2737 955 2781 De
986 2737 1218 2794 positione
1249 2737 1488 2781 vinearum
1520 2739 1651 2783 addit
1678 2740 1742 2782 63
1773 2741 1822 2783 in

144 2797 350 2852 margine
396 2798 409 2851 ΙΙ
459 2801 511 2838 19
546 2797 603 2839 ab
638 2798 876 2841 occidente
909 2797 1051 2840 SlEs
1097 2800 1109 2852 Η
1159 2802 1210 2839 21
1245 2796 1322 2839 1(10
1359 2797 1422 2840 61
1466 2799 1469 2851 Ι
1515 2798 1718 2841 ostendit
1750 2814 1779 2841 α
1810 2801 1813 2854 f

147 2859 202 2896 22
251 2854 353 2909 quis
400 2869 615 2898 numerus
658 2872 720 2912 p,
762 2856 864 2912 quis
911 2856 1074 2899 modus
1122 2858 1140 2898 i
1182 2858 1186 2912 l
1233 2855 1374 2898 faciet
1421 2856 1501 2911 Vl,
1549 2855 1665 2900 facit
1714 2858 1776 2902 61

146 2918 201 2957 25
235 2913 408 2957 electus
442 2914 767 2960 VSTFGES

1872 986 1902 1036 [ὓ

1869 1650 1900 1701 00
