2014 3169
123 106 159 156 4
825 100 1108 144 PALLADH

528 268 625 320 DE
667 265 886 318 AERIS
928 263 1415 318 PROBATIONE.

39 375 121 427 Ill
237 372 392 424 Aeris
431 371 600 440 igitur
635 370 1015 422 salubritatem
1050 368 1323 420 declarant
1355 367 1475 419 loca
1508 367 1574 418 ab
1607 365 1809 418 infimis
1841 419 1847 424 ,

125 446 357 499 uallibus
392 445 564 496 libera
597 450 652 496 et
683 443 1003 496 nebularum
1031 441 1285 494 noctibus
1313 441 1562 493 absoluta
1586 443 1640 491 et
1663 439 1813 491 habi-

126 525 366 573 tatorum
423 518 760 571 considerata
816 516 1155 586 corpuscula,
1213 516 1256 567 si
1313 515 1389 567 eis
1439 515 1586 567 color
1635 531 1813 582 sanuS‚

129 595 320 663 capitis
368 593 525 644 firma
574 591 879 658 sinceritas,
925 590 1247 642 inoffensum
1295 589 1475 640 lumen
1518 588 1812 654 oculorum,
1861 607 1881 639 5

127 687 292 738 purus
345 667 584 733 audituS‚
630 665 812 718 fauces
863 668 1222 718 commeatum
1265 662 1500 731 liquidae
1540 661 1689 714 uocis
1731 679 1814 713 ex-

129 745 322 795 ercent.
394 742 496 793 hoc
548 758 743 810 genere
784 739 1092 808 benignitas
1134 737 1271 790 aeris
1314 737 1657 804 adprobatur.
1727 735 1814 787 his

128 822 310 868 autem
337 816 609 868 contraria
635 814 856 866 noxium
884 813 1016 866 caeli
1035 812 1182 864 illius
1203 810 1814 881 spirituchonfitentur.

572 1007 669 1058 DE
711 1005 918 1068 AQVA
959 1003 1376 1056 PROBANDA.

39 1114 153 1166 ΠΠ
246 1112 432 1180 Aquae
473 1129 601 1163 uero
644 1110 936 1162 salubritas
983 1109 1059 1161 sic
1094 1107 1420 1179 agnoscitur.
1483 1107 1718 1175 primum
1751 1124 1817 1157 ne
1846 1126 1887 1156 10

133 1207 162 1239 a
202 1186 409 1239 lacunis
453 1189 546 1238 aut
579 1185 774 1254 palude
808 1185 1047 1251 ducatur,
1088 1202 1153 1234 ne
1189 1183 1250 1234 de
1284 1181 1517 1233 metallis
1553 1180 1820 1250 originem

133 1264 326 1323 sumat,
369 1260 459 1312 sed
501 1260 573 1311 sit
613 1257 887 1327 perspicui
921 1257 1116 1310 coloris
1149 1274 1322 1324 neque
1355 1256 1466 1307 ullo
1502 1258 1596 1307 aut
1628 1272 1819 1323 sapore

131 1340 225 1388 aut
267 1335 428 1387 odore
470 1334 707 1401 uitietur,
747 1333 928 1384 nullus
969 1331 1051 1383 illi
1086 1331 1247 1383 limus
1281 1330 1498 1396 insidat,
1537 1328 1712 1398 frigus
1745 1331 1820 1380 te-

129 1428 259 1478 pore
285 1428 397 1461 suo
431 1409 681 1475 mulceat,
723 1407 943 1458 aestatis
984 1406 1229 1457 incendia
1262 1404 1464 1473 frigore
1499 1404 1821 1455 moderetur.

132 1485 224 1536 sed
267 1484 392 1551 quia
434 1483 573 1535 solet
613 1481 697 1533 his
742 1481 992 1532 omnibus
1035 1480 1098 1531 ad
1142 1479 1375 1548 speciem
1417 1476 1702 1531 custoditis
1737 1494 1818 1529 oc·
1846 1495 1887 1528 15

133 1557 417 1611 cultiorem
450 1575 647 1608 noxam
680 1556 877 1607 tectior
911 1571 1124 1606 seruare
1156 1557 1365 1620 natura,
1397 1553 1574 1620 ipsam
1608 1569 1820 1619 quoque

60 1635 91 1685 2
135 1651 198 1684 ex
244 1631 543 1684 incolarum
590 1630 911 1682 salubritate
951 1646 1251 1680 noscamus,
1331 1626 1376 1679 si
1416 1626 1597 1678 fauces
1638 1625 1823 1677 biben-

133 1708 271 1758 tium
319 1724 484 1774 purae
535 1708 683 1772 sunt,
741 1704 788 1755 si
845 1703 995 1755 saluo
1045 1701 1220 1770 capite
1274 1702 1331 1752 in
1370 1700 1717 1769 pulmonibus
1760 1717 1822 1751 ac

134 1781 355 1832 thorace
398 1783 491 1831 aut
530 1779 680 1830 nulla
713 1781 794 1829 est
828 1781 920 1829 aut
954 1795 1076 1829 rara
1110 1776 1363 1828 causatio
1428 1793 1552 1826 nam
1586 1774 1822 1842 plerum-

137 1873 237 1923 que
285 1855 383 1906 has
432 1871 599 1905 noxas
650 1853 889 1920 corporis
939 1852 1004 1903 ad
1050 1850 1362 1902 inferiorem
1403 1852 1636 1917 partem,
1685 1865 1821 1916 quae
1847 1867 1890 1898 20

137 1947 300 1996 supra
340 1931 465 1980 sunt
507 1929 782 1995 corrupta,
832 1926 1147 1992 demittunt,
1195 1928 1257 1976 ut
1300 1922 1496 1975 uitiato
1538 1922 1714 1990 capite
1756 1921 1823 1973 ad

135 2003 417 2071 pulmones
460 2002 545 2053 uel
587 1999 929 2053 stomachum
969 1999 1147 2052 morbi
1189 2016 1350 2051 causa
1382 1997 1654 2049 decurrat:
1694 1999 1823 2048 tunc

138 2077 432 2146 culpandus
475 2094 564 2127 aer
603 2076 785 2143 potius
827 2075 1113 2125 inuenitur.
1186 2072 1374 2124 deinde
1416 2071 1461 2123 si
1500 2073 1690 2122 uenter
1730 2072 1825 2121 aut

137 2151 345 2203 uiscera
385 2149 471 2202 uel
508 2150 681 2201 latera
714 2149 800 2200 uel
834 2166 987 2200 renes
1018 2148 1167 2199 nullo
1202 2147 1385 2198 dolore
1419 2148 1511 2196 aut
1542 2142 1822 2196 inflatione

256 2318 280 2353 3
314 2311 435 2354 liber
469 2311 541 2363 ῙἾ,
584 2324 609 2352 a
643 2311 774 2353 addit
808 2308 867 2351 1⁷2
904 2312 908 2363 1
947 2312 989 2351 et
1033 2308 1310 2351 nebularum
1349 2305 1565 2349 noctibus
1607 2303 1826 2347 absoluta

138 2372 302 2415 omittit
325 2372 362 2413 T
383 2373 397 2426 {l
421 2377 447 2412 4
482 2370 519 2412 si
553 2369 675 2413 enim
702 2372 804 2425 (pro
831 2368 869 2411 si
896 2367 978 2423 eis)
998 2383 1033 2423 p
1058 2370 1070 2423 Η
1098 2373 1121 2410 6
1156 2367 1194 2409 si
1219 2367 1376 2409 fauces
1401 2366 1449 2419 T,
1485 2365 1551 2422 [et
1577 2363 1635 2421 si]
1666 2363 1825 2407 fauces

139 2446 216 2487 css,
251 2433 298 2473 et
330 2429 367 2472 si
402 2430 559 2472 fauces
593 2443 651 2472 as
702 2431 706 2483 ἶ
760 2427 979 2471 emittunt
1014 2442 1049 2482 p
1089 2429 1101 2480 l}
1145 2432 1166 2469 7
1202 2425 1273 2469 his
1315 2423 1827 2468 autem—confitentur

139 2504 220 2533 om.
256 2490 305 2532 E
341 2492 355 2545 Η
397 2494 450 2532 10
485 2487 780 2545 cognoscitur
817 2488 858 2530 G
896 2492 910 2542 ῃ
950 2492 1000 2529 11
1039 2490 1118 2528 aut
1152 2500 1179 2528 a
1210 2483 1382 2541 palude
1416 2498 1541 2540 acys
1577 2484 1582 2540 Ι
1625 2482 1826 2526 deduca-

139 2553 214 2591 tur
241 2550 303 2604 pi
327 2551 340 2604 Η
372 2554 420 2591 13
453 2547 521 2591 ibi
554 2552 656 2603 (pro
688 2546 777 2589 1111)
813 2547 879 2601 Ε,
919 2545 961 2588 ei
996 2546 1072 2600 F!
1101 2545 1306 2588 insideat
1338 2544 1428 2587 SE
1455 2545 1458 2599 Ι
1487 2546 1695 2598 tempore
1720 2542 1783 2597 pi
1812 2541 1828 2598 Η

142 2615 196 2651 14
229 2608 401 2664 frigore
435 2622 516 2652 om.
544 2609 582 2661 τ’,
616 2607 769 2663 rigore
801 2607 965 2649 habent
994 2605 1155 2657 TEF,
1190 2618 1270 2647 suo
1303 2602 1475 2659 frigore
1495 2618 1529 2657 p
1554 2605 1567 2658 ΙΙ
1594 2607 1647 2645 15
1681 2601 1828 2644 omni-

140 2669 226 2710 bus
261 2667 332 2710 his
352 2668 401 2710 E
427 2672 431 2720 Ι
462 2667 711 2723 specimem
740 2666 781 2709 G
805 2668 818 2720 Η
847 2670 898 2707 17
934 2678 988 2707 ex
1021 2666 1071 2707 in
1096 2679 1260 2719 rasura
1289 2663 1329 2704 V
1353 2664 1357 2718 Ι
1388 2669 1718 2718 cognoscamus
1743 2660 1793 2702 E
1814 2659 1829 2717 Η

143 2732 197 2769 18
234 2729 312 2769 aut
354 2727 543 2770 thorace
582 2726 660 2781 GH
688 2730 740 2768 19
780 2723 989 2767 acusatio
1025 2724 1098 2779 (212
1125 2729 1177 2766 21
1214 2721 1457 2765 dimittunt
1494 2720 1622 2777 Q1V‚
1662 2717 1828 2762 demit-

140 2789 247 2828 tunt
283 2786 354 2841 (3²,
399 2785 642 2828 dimittant
676 2785 752 2839 F}
783 2785 864 2826 aut
896 2786 996 2839 (pro
1029 2786 1097 2838 ut)
1131 2783 1196 2836 E,
1231 2783 1283 2824 ut
1315 2780 1353 2823 si
1391 2782 1440 2832 T,
1476 2779 1556 2824 sed
1588 2781 1640 2822 ut
1671 2779 1708 2832 i,
1745 2777 1829 2822 sed

143 2845 181 2887 si
214 2860 253 2897 s,
294 2847 416 2888 ut—
437 2845 655 2888 decurrat
689 2844 883 2887 includit
913 2857 940 2899 9
980 2846 991 2897 Ι]
1034 2848 1086 2884 22
1121 2841 1388 2898 pulmonem
1424 2842 1438 2883 ι’
1477 2842 1490 2895 ΙΙ
1531 2844 1584 2881 23
1617 2836 1827 2880 inuenia-

142 2907 218 2947 tur
250 2905 287 2946 T
