2072 3145
748 133 943 178 AGRIC.
969 133 1033 176 n]
1057 137 1202 176 9-10
1746 129 1813 182 79

275 287 374 339 DE
416 283 859 339 ARBVSTIVIS
900 282 1194 336 VITIBVS
1234 283 1329 334 ET
1369 279 1680 334 PLANTIS

507 372 871 427 ARBORVM
911 370 1445 424 VITIFERARVM.

247 477 400 540 Quod
455 478 501 530 si
556 478 838 530 arbustum
893 479 946 528 te
1000 476 1199 527 habere
1255 474 1510 543 delectat,
1567 475 1811 542 plantam
1853 470 1903 523 X

136 571 428 623 generosae
476 551 605 604 uitis
661 551 809 620 prius
864 551 922 602 in
976 549 1263 602 seminario
1318 549 1525 601 nutrire
1581 548 1815 615 debebis,

91 631 196 680 5ut
243 627 365 678 inde
413 625 654 678 radicata
701 623 1060 676 transferatur
1100 623 1166 675 ad
1207 624 1474 689 scrobem,
1523 623 1608 675 cui
1655 623 1816 675 arbor

135 701 380 753 iniuncta
419 704 516 752 est.
581 698 930 752 seminarium
968 715 1096 749 uero
1139 696 1364 749 dicimus
1406 715 1570 765 aeque
1610 697 1813 749 fossam

133 774 378 827 tabulam
432 775 628 843 pedum
683 774 910 824 duorum
966 772 1128 823 semis
1193 771 1492 823 altitudine.
1587 769 1643 822 in
1696 770 1811 838 hac,

135 867 298 917 quam
344 866 442 917 pro
491 865 714 900 numero
762 847 1132 915 ponendarum
1179 844 1376 896 uitium
1423 845 1510 896 uel
1556 845 1816 913 qualium-

134 940 361 990 cumque
416 922 727 990 planta1·um
781 920 1059 989 protendis
1117 923 1210 971 aut
1258 919 1554 986 contrahis,
1609 919 1815 970 breuis-

68 1018 111 1049 10
136 997 273 1049 simo
323 996 499 1064 spatio
549 994 808 1047 distantia
852 995 995 1046 inter
1044 1012 1098 1045 se
1148 997 1419 1045 sarmenta
1458 993 1710 1061 depones:
1770 992 1815 1044 si
1855 989 1890 1041 2

134 1071 295 1123 uallis
337 1074 432 1122 aut
470 1073 714 1122 umectus
756 1072 838 1121 est
879 1086 1116 1137 campuS,
1155 1066 1321 1119 trium
1363 1084 1699 1136 gemmarum
1733 1085 1816 1118 ex-

136 1145 307 1213 ceptis
355 1144 603 1210 minutis,
661 1162 792 1211 quas
847 1142 1072 1194 habebit
1119 1141 1358 1193 inferius.
1439 1145 1492 1193 et
1546 1141 1641 1193 ubi
1696 1159 1817 1193 con-

134 1218 430 1286 ualuerint,
477 1218 603 1269 hinc
642 1221 766 1284 post
808 1217 1085 1268 biennium
1124 1216 1391 1267 radicatas
1431 1216 1571 1267 uites
1611 1215 1698 1267 uel
1737 1233 1817 1266 ar-

133 1293 388 1345 busculas
429 1291 744 1343 transferes:
794 1308 925 1358 quas
967 1309 1089 1342 cum
1129 1291 1361 1357 depones
1402 1290 1458 1340 in
1499 1290 1709 1357 scrobe,
1751 1289 1817 1339 ad

69 1385 111 1418 15
136 1366 379 1436 singulas
416 1366 671 1418 materias
698 1365 908 1433 rediges
934 1363 1139 1432 putatis
1167 1364 1432 1430 omnibUS,
1467 1381 1599 1431 quae
1626 1363 1817 1415 scabra

138 1445 286 1508 sunt,
341 1439 567 1492 curtatis
617 1438 782 1490 etiam
831 1437 1124 1504 radicibus,
1175 1438 1220 1488 si
1273 1455 1404 1505 quas
1452 1438 1693 1505 potueris
1739 1436 1816 1487 in-

133 1513 317 1567 uenire
343 1517 579 1565 uexatas.
619 1512 676 1564 in
703 1512 890 1564 scrobe
918 1516 1098 1564 autem
1125 1512 1189 1562 ad
1214 1512 1495 1563 arbustum
1513 1511 1817 1564 faciendum
1856 1509 1891 1561 3

135 1589 267 1640 duas
316 1588 583 1640 radicatas
631 1587 771 1638 uites
820 1587 1052 1655 depones
1100 1586 1203 1637 hoc
1253 1604 1496 1653 seruanS,
1543 1604 1609 1636 ne
1657 1604 1712 1637 se
1759 1585 1815 1636 in

136 1663 315 1715 radice
353 1662 695 1731 contingant:
737 1661 827 1713 sed
860 1661 1066 1728 lapides
1101 1661 1323 1728 quinum
1356 1678 1522 1727 prope
1555 1659 1816 1711 librarum

69 1756 112 1787 20
136 1737 341 1789 medios
395 1736 538 1787 inter
587 1739 872 1802 utramque
924 1734 1220 1786 constitues
1269 1738 1323 1785 et
1369 1735 1515 1801 ipsas
1563 1734 1701 1785 uites
1751 1734 1817 1785 ad

136 1811 342 1863 scrobis
381 1810 555 1861 latera
594 1809 824 1861 discreta
864 1808 1172 1877 coniunges.
1235 1807 1398 1876 Mago
1440 1808 1639 1859 adserit
1676 1825 1818 1860 scro-

134 1885 260 1939 bem
305 1902 416 1936 non
461 1882 636 1951 primo
685 1901 823 1934 anno
873 1900 987 1934 esse
1029 1882 1403 1950 conplendam,
1452 1881 1543 1933 sed
1591 1882 1815 1934 subinde

136 1957 559 2026 coaequandam:
615 1975 749 2025 quae
797 1974 882 2008 res
930 1956 1100 2008 uitem
1155 1955 1317 2008 faciet
1373 1957 1536 2007 altius
1591 1956 1815 2008 fundare

136 2032 357 2085 radices
435 2031 528 2083 sed
580 2031 683 2083 hoc
740 2030 901 2082 aridis
956 2030 1250 2098 prouinciis
1305 2029 1446 2082 forte
1503 2031 1815 2082 conueniat:

70 2125 113 2158 25
137 2106 333 2158 umidis
361 2109 542 2157 autem
568 2108 685 2156 sata
709 2100 998 2172 putrefient
1024 2107 1240 2173 recepto
1266 2122 1468 2171 umore,
1492 2104 1597 2156 nisi
1624 2104 1814 2157 statim

256 2286 278 2322 1
326 2279 616 2324 ARBUSTIS
669 2281 769 2324 GE
805 2281 818 2335 ΙΙ
866 2284 890 2321 2
927 2278 1438 2322 FRUCTIFERARUM
1470 2280 1520 2321 E
1578 2280 1583 2335 Ι
1656 2278 1706 2321 id
1746 2280 1817 2321 est

136 2339 258 2383 uites
290 2341 339 2382 et
370 2340 557 2382 arbores
592 2339 729 2382 simul
758 2338 974 2394 plantare
1006 2339 1137 2382 addit
1160 2338 1227 2381 V2
1251 2340 1264 2394 ΙΙ
1291 2343 1315 2380 6
1350 2341 1488 2392 atque
1518 2339 1571 2392 G⁷
1606 2351 1661 2380 ea
1692 2351 1812 2392 quae

136 2401 187 2441 i‘n
218 2413 385 2442 rasura
409 2399 452 2441 V
470 2401 484 2455 ΙΙ
510 2403 532 2441 7
568 2399 763 2441 duorum
794 2397 965 2453 pedum
989 2398 1039 2440 E
1059 2400 1073 2454 ΙΙ
1098 2402 1123 2440 8
1157 2397 1457 2452 qualiumque
1484 2398 1576 2440 VG
1600 2399 1613 2453 ΙΙ
1640 2401 1693 2439 10
1720 2395 1812 2439 dis-

135 2470 278 2514 pones
311 2458 472 2513 EG1n
499 2462 549 2500 11
593 2456 922 2514 campestrium
960 2457 1034 2513 Vn
1061 2462 1113 2499 12
1155 2455 1446 2500 conualuerit
1484 2457 1502 2498 i
1524 2458 1538 2512 ΙΙ
1565 2462 1618 2499 13
1654 2455 1814 2498 arbus-

138 2516 263 2560 colas
295 2518 360 2572 L,
394 2516 663 2560 arbusculos
700 2517 741 2561 G
779 2519 793 2572 ΙΙ
834 2521 888 2559 14
927 2516 1255 2559 transferemus
1289 2530 1344 2571 p,
1385 2516 1637 2558 transferas
1670 2514 1815 2558 SEG

137 2577 290 2633 iacys
330 2575 337 2632 Ι
380 2576 588 2619 scrobem
623 2577 665 2620 G
702 2578 716 2632 ΙΙ
758 2580 810 2618 15
843 2575 1015 2632 redigis
1049 2576 1172 2619 codd.
1201 2581 1383 2631 praeter
1418 2575 1479 2628 G,
1513 2573 1718 2630 reddigis
1750 2575 1769 2616 i
1801 2573 1810 2632 Ι

138 2635 298 2678 scrobe
325 2635 374 2677 E
392 2637 408 2690 ΙΙ
434 2639 487 2677 16
520 2637 652 2678 curta
670 2636 729 2688 E,
764 2634 969 2677 curuatis
993 2634 1228 2677 radicibus
1251 2634 1293 2677 G
1320 2634 1325 2691 Ι
1353 2633 1526 2690 poteris
1545 2634 1594 2676 E
1614 2635 1628 2689 ΙΙ
1655 2637 1708 2675 18
1734 2633 1813 2675 de-

136 2693 269 2750 ponis
307 2707 456 2738 omnes
481 2700 661 2749 praeter
697 2694 738 2737 G
780 2695 785 2750 Ι
829 2693 1076 2736 observans
1102 2709 1159 2749 p,
1201 2695 1410 2736 scrutans
1443 2694 1461 2735 z·
1488 2695 1493 2747 Ι
1523 2706 1569 2735 se
1602 2707 1684 2736 om.
1720 2692 1770 2734 Ε
1803 2692 1809 2750 Ι

137 2753 184 2795 in
215 2752 423 2796 radicem
454 2754 522 2795 Pz·
543 2756 558 2809 ΙΙ
573 2750 636 2796 '19
671 2752 978 2809 continguant
1007 2754 1051 2796 L
1078 2754 1084 2805 Ι
1113 2752 1193 2807 qui
1223 2766 1317 2795 non
1347 2753 1397 2795 E
1418 2754 1431 2807 ΙΙ
1471 2757 1526 2794 20
1558 2751 1607 2793 in
1637 2753 1814 2794 utram-

138 2826 227 2868 que
259 2827 289 2855 a
311 2815 326 2868 ΙΙ
350 2816 403 2854 21
437 2811 567 2855 Maro
586 2827 622 2868 p
645 2814 659 2869 ΙΙ
684 2818 737 2854 22
765 2812 845 2855 sed
869 2825 950 2856 om.
973 2813 1015 2856 G
1037 2814 1052 2868 ΙΙ
1077 2817 1131 2855 23
1158 2811 1505 2866 coaequendam
1531 2811 1581 2865 V,
1616 2824 1816 2865 coquen-

141 2872 249 2914 dam
281 2871 331 2914 F
375 2873 380 2927 Ι
431 2870 577 2914 faciat
619 2872 661 2915 G
710 2872 714 2927 Ι
764 2870 957 2914 fundere
1001 2872 1065 2928 ρι’
1111 2874 1124 2927 ΙΙ
1171 2876 1227 2914 24
1267 2869 1570 2914 conueniatur
1601 2871 1667 2924 E,
1709 2883 1815 2913 con-

139 2930 294 2973 veniet
325 2944 450 2987 <1098
473 2933 487 2986 ΙΙ
512 2935 567 2973 25
598 2930 817 2973 humidus
851 2932 891 2973 L
