2014 3169
181 84 287 136 238
885 81 1166 124 PALLADH

180 206 382 275 ligatos
426 204 588 257 simul
629 222 751 256 cum
793 203 903 255 suis
947 203 1158 254 ossibus
1194 203 1389 255 obruas
1427 202 1742 272 diligentius
1777 203 1868 255 ad-

108 283 143 333 4
182 280 480 332 haerentes.
545 296 743 348 genera
785 295 969 329 eorum
1005 279 1130 328 sunt
1161 276 1309 343 haec,
1350 277 1606 329 duracina
1643 276 1869 345 persica,

181 372 484 423 praecoqua
518 351 773 404 armenia.
838 351 883 403 si
922 351 1056 403 haec
1096 351 1257 403 arbor
1298 352 1486 404 ardore
1529 351 1659 403 solis
1699 350 1868 403 inare-

183 429 300 497 scit,
326 427 597 495 frequenti
624 425 937 496 adgestione
966 424 1281 491 cumuletur,
1318 425 1626 494 uespertino
1651 424 1869 477 iuuetur

181 521 391 569 umore,
441 500 666 553 obiectis
716 499 1033 552 defendatur
1079 499 1427 551 umbraculis.
1504 499 1656 551 iuuat
1702 499 1758 550 in
1807 517 1869 550 ea
1915 520 1936 554 5

182 580 236 628 et
276 575 512 644 spolium
553 574 818 643 serpentis
861 573 1104 642 adpendi.
1165 591 1305 626 nunc
1346 572 1453 625 iam
1497 575 1685 625 contra
1723 572 1866 641 prui-

179 669 278 702 nas
320 653 526 703 stercus
565 648 847 719 ingeratur
885 648 1094 716 persico
1126 648 1214 699 uel
1254 647 1395 700 feces
1429 647 1544 699 uini
1576 665 1698 699 cum
1731 664 1870 716 aqua

179 725 477 793 permixtae
511 724 612 791 uel,
648 722 789 792 quod
822 723 997 791 magis
1030 721 1269 791 prodest7
1309 740 1463 790 aqua,
1503 721 1560 773 in
1601 739 1707 789 qua
1736 720 1866 773 faba

107 801 139 853 5
180 800 401 851 decocta
456 801 548 850 est.
637 797 683 849 si
737 815 949 848 uermes
1006 795 1246 865 persicus
1301 796 1531 864 patitur,
1587 794 1722 848 cinis
1773 812 1865 847 eos

181 891 428 926 amurcae
470 871 674 924 mixtus
716 871 996 941 extinguet
1036 871 1124 922 uel
1163 871 1320 922 bouis
1362 870 1517 922 urina
1566 887 1687 922 cum
1728 869 1865 922 aceti
1891 891 1935 924 ιο

178 948 343 1000 tertia
383 950 536 1016 parte
579 945 815 999 confusa.
895 945 940 997 si
979 963 1143 1013 poma
1191 945 1389 997 caduca
1438 947 1587 1009 sunt,
1632 943 1866 996 nudatae

178 1022 347 1074 radici
388 1023 502 1074 eius
550 1020 640 1073 uel
687 1024 878 1072 trunco
927 1019 1143 1072 lentisci
1185 1022 1279 1071 aut
1328 1017 1626 1071 terebinthi
1666 1035 1866 1070 cuneus

180 1097 448 1167 adfigetur
488 1095 575 1148 uel
615 1095 921 1147 terebratae
970 1093 1026 1145 in
1061 1093 1241 1156 ‘medio
1281 1094 1436 1162 palus
1480 1091 1658 1145 salicis
1705 1091 1869 1160 inpri-

179 1174 371 1224 metur.
451 1171 497 1222 si
547 1188 710 1238 poma
761 1187 961 1238 rugosa
1021 1168 1226 1221 creabit
1282 1171 1375 1220 aut
1429 1166 1669 1236 putrida,
1726 1166 1869 1218 circa

176 1244 346 1298 imum
387 1248 640 1297 truncum
675 1246 859 1296 cortex
890 1243 1161 1295 recidatur
1195 1245 1264 1312 et,
1305 1260 1427 1295 cum
1465 1241 1588 1293 inde
1622 1239 1865 1293 modicus
1893 1261 1934 1296 15

177 1338 333 1372 umor
381 1319 671 1387 effluxerit,
723 1318 917 1387 argilla
963 1318 1050 1375 uel
1098 1317 1314 1386 paleato
1361 1317 1480 1369 luto
1528 1314 1694 1384 plaga
1732 1317 1868 1366 rete-

104 1395 136 1448 6
178 1402 349 1464 gatur.
431 1411 628 1463 magna
667 1410 828 1461 poma
867 1392 1106 1460 persicus
1157 1391 1354 1459 adfert,
1409 1390 1455 1443 si
1506 1389 1723 1442 florenti
1774 1407 1869 1457 per

178 1468 418 1520 triduum
473 1471 657 1519 ternos
723 1465 987 1518 sextarios
1050 1465 1255 1533 caprini
1316 1465 1475 1517 lactis
1531 1462 1867 1533 ingresseris.

179 1546 367 1595 contra
399 1542 536 1594 uitia
567 1540 763 1610 persici
795 1540 1012 1609 proficit
1050 1543 1296 1608 spartum
1336 1539 1569 1609 ligatum
1600 1537 1688 1589 uel
1722 1555 1868 1605 spar-

177 1621 266 1669 tea
306 1618 567 1684 suspensa
607 1616 668 1668 de
709 1615 890 1667 ramis.
954 1633 1135 1667 mense
1175 1613 1422 1666 ianuario
1464 1613 1550 1665 uel
1590 1610 1862 1664 februario
1891 1634 1934 1666 20

176 1692 308 1744 locis
372 1690 610 1760 frigidis,
676 1689 962 1742 nouembri
1025 1688 1212 1741 calidis
1275 1687 1519 1756 persicus
1582 1685 1866 1751 inseratur,

178 1765 409 1818 maxime
466 1765 608 1817 circa
661 1768 862 1816 terram
921 1763 1151 1815 surculis
1207 1761 1541 1831 plenioribus
1591 1764 1646 1813 et
1697 1777 1865 1829 prope

178 1841 427 1893 arborem
464 1839 621 1891 natis.
697 1857 825 1890 nam
867 1837 1144 1891 cacumina
1183 1837 1270 1889 uel
1317 1854 1428 1889 non
1475 1835 1739 1887 tenebunt
1778 1833 1866 1885 uel

179 1915 269 1967 diu
316 1914 507 1966 durare
555 1931 665 1965 non
710 1916 985 1982 poterunt.
1062 1911 1319 1964 inseritur
1359 1911 1416 1962 in
1458 1928 1536 1978 se,
1584 1909 1641 1961 in
1681 1925 1865 1977 amyg-

178 1989 323 2057 dalo,
374 1989 431 2040 in
482 2006 677 2056 pruno:
732 1987 824 2039 sed
877 1987 1117 2039 armenia
1167 1986 1253 2038 uel
1305 2001 1611 2054 praecoqua
1659 1982 1931 2052 pruniS,25

178 2062 433 2115 duracina
490 2062 790 2131 amygdalis
848 2061 1039 2113 melius
1097 2060 1486 2112 adhaerescunt
1541 2061 1596 2110 et
1649 2060 1864 2125 tempus

297 2243 320 2280 2
355 2236 818 2295 genera—Armenia
850 2250 931 2280 om.
961 2251 1011 2293 p,
1044 2237 1148 2280 incl.
1182 2250 1239 2293 93
1278 2236 1284 2292 l
1325 2232 1748 2277 duracina—haec
1780 2245 1862 2276 om.

178 2298 269 2341 PL
285 2298 347 2352 G,
382 2299 432 2341 in
458 2298 660 2354 mccryine
692 2298 822 2340 habet
862 2297 904 2338 V
932 2297 1090 2340 omisso
1115 2307 1399 2352 praecoqua,
1441 2293 1559 2349 quod
1598 2293 1733 2336 etiam
1764 2293 1816 2335 Δι”νι
1845 2292 1865 2334 i

176 2358 460 2401 desideratur
488 2358 493 2413 ᾗ
521 2355 743 2399 Armenia
776 2355 999 2398 duracina
1024 2368 1288 2412 praecoqua
1319 2355 1359 2396 T
1378 2355 1392 2408 ΙΙ
1418 2356 1442 2394 3
1468 2364 1733 2408 praecoqua
1756 2351 1864 2394 Per—

178 2416 274 2460 sica
297 2431 374 2474 93,
407 2430 686 2472 praecoqua,
711 2414 893 2471 persica
919 2430 980 2459 ac
1008 2417 1012 2472 1
1041 2413 1284 2458 marcessit
1304 2413 1353 2455 F
1373 2415 1386 2468 Η
1413 2418 1436 2455 5
1463 2409 1865 2466 iuuat—adpendi

176 2490 257 2520 om.
286 2491 321 2531 p
350 2484 353 2533 ξ
382 2475 431 2518 in
465 2489 565 2518 eam
599 2476 648 2518 E
681 2478 694 2531 Η
733 2479 755 2517 7
789 2473 888 2517 uini
922 2488 1071 2530 aquae
1103 2473 1277 2517 mixtae
1314 2472 1354 2515 G
1390 2474 1404 2527 Η
1441 2476 1465 2514 8
1509 2470 1727 2527 prodeest
1766 2470 1811 2512 P
1849 2469 1865 2528 Η

177 2541 201 2578 9
236 2535 334 2579 eius
360 2535 402 2578 L
428 2537 441 2591 ΙΙ
470 2540 521 2578 10
549 2534 782 2591 extinguit
814 2535 966 2590 iacys
990 2536 1003 2590 Η
1031 2538 1084 2576 13
1113 2532 1327 2576 adficitur
1353 2532 1467 2584 PL,
1503 2529 1723 2586 adfigitur
1754 2528 1861 2583 VG,

176 2594 393 2652 affigetur
425 2595 469 2650 S,
505 2594 712 2651 affigitur
744 2594 914 2650 Eieys
950 2596 962 2649 ΙΙ
1001 2597 1054 2635 14
1085 2591 1244 2649 putria
1275 2591 1377 2635 LE
1388 2591 1429 2634 G
1453 2593 1467 2646 ΙΙ
1500 2595 1552 2633 16
1585 2588 1762 2645 plagua
1791 2600 1863 2630 re-

174 2657 395 2711 teguatur
426 2655 476 2697 E
497 2657 510 2710 ῙΙ
538 2659 588 2696 17
622 2652 1052 2697 florenti—contra
1084 2666 1165 2696 om.
1200 2651 1250 2694 Ε
1282 2653 1296 2706 Η
1333 2654 1386 2693 18
1419 2648 1563 2692 trium
1593 2648 1637 2691 L
1660 2650 1674 2704 ΙΙ
1701 2651 1752 2690 19
1785 2645 1863 2690 uel

176 2728 256 2757 om.
293 2714 383 2758 SE
427 2716 441 2768 ΙΙ
489 2719 540 2756 21
578 2713 742 2756 calidis
781 2711 895 2756 locis
929 2713 978 2755 E
1022 2715 1034 2767 ΙΙ
1084 2717 1137 2754 22
1181 2709 1472 2767 planioribus
1514 2708 1563 2751 E
1591 2708 1605 2757 ἒξ
1638 2711 1691 2750 23
1725 2705 1862 2749 Nunc

169 2787 257 2828 pro
287 2787 396 2816 nam
422 2774 465 2817 L
489 2776 502 2828 ΙΙ
535 2778 590 2815 24
622 2774 874 2829 potuerunt
909 2771 961 2826 S,
1005 2785 1098 2814 non
1133 2771 1352 2827 poterunt
1389 2768 1554 2811 durare
1596 2768 1636 2811 T
1673 2766 1680 2824 Ι
1730 2764 1779 2808 in
1812 2777 1861 2808 se

176 2847 256 2875 om.
299 2834 342 2876 L
371 2834 375 2888 1
406 2832 641 2889 amigdalo
684 2832 765 2875 VS
787 2834 800 2887 11
827 2836 879 2874 25
912 2830 1094 2886 persica
1119 2844 1207 2886 pro
1237 2842 1501 2885 praecoqua
1532 2827 1549 2869 i
1580 2827 1594 2884 2}
1626 2830 1680 2869 26
1716 2824 1862 2881 amig-

177 2890 295 2933 dalis
337 2891 427 2935 VS.
