2014 3169
162 116 235 167 34
862 112 1143 156 PALLADE

222 323 321 376 DE
363 321 569 376 LOCIS
609 322 835 375 HORTI
874 322 968 374 ET
1007 320 1317 374 POMARII
1355 321 1450 373 ΕΤ
1491 319 1792 374 SEPIBVS

755 410 849 463 ET
891 409 1254 463 SERENDO.

78 530 347 584 XXXIIII
460 529 626 581 Horti
667 532 720 581 et
759 527 1004 598 pomaria
1044 528 1225 580 domui
1265 527 1512 596 proxima
1547 547 1662 581 esse
1695 529 1848 581 debe·

168 607 318 657 bunt.
386 603 579 656 hortus
630 603 701 655 sit
749 603 1039 655 sterculino
1081 602 1310 654 maxime
1353 603 1648 672 subiectus,
1697 603 1847 656 cuius

168 697 289 731 eum
331 695 488 730 sucus
531 681 723 746 sponte
764 677 1028 742 fecundet,
1070 678 1135 728 ab
1175 695 1298 728 area
1329 676 1490 745 longe
1524 677 1681 729 situs:
1719 695 1846 729 nam
1894 702 1915 735 5

167 753 447 822 puluerem
478 752 754 820 palearum
786 752 995 820 patitur
1027 750 1317 802 inimicum.
1369 750 1499 802 felix
1522 750 1724 819 positio
1751 755 1847 816 est,

168 827 252 880 cui
309 827 502 879 leniter
557 826 815 877 inclinata
867 823 1127 893 planicies
1177 842 1363 876 cursus
1413 843 1581 892 aquae
1630 825 1846 878 fluentis

92 903 124 954 2
165 920 261 971 per
308 899 486 968 spatia
533 900 765 951 discreta
805 899 1026 951 deriuat.
1099 896 1144 949 si
1183 898 1303 950 fons
1346 899 1506 962 desit,
1555 902 1648 950 aut
1686 899 1849 968 inpri-

167 975 392 1027 mendus
435 977 517 1026 est
554 977 749 1042 puteus
793 977 904 1041 aut,
943 973 988 1024 si
1025 972 1129 1024 hoc
1160 990 1413 1040 nequeas,
1450 973 1656 1041 piscina
1691 991 1848 1041 supe-

165 1050 277 1101 rius
319 1048 690 1115 construenda,
730 1051 792 1099 ut
829 1046 913 1098 illi
954 1065 1117 1114 aquas
1156 1045 1342 1114 pluuia
1384 1046 1691 1098 conferente
1724 1047 1846 1099 hor·
1874 1072 1917 1103 10

167 1129 255 1176 tus
289 1141 384 1191 per
418 1123 654 1174 aestiuos
689 1121 897 1191 rigetur
932 1121 1160 1173 ardoreS.
1217 1121 1262 1172 si
1287 1120 1388 1172 hac
1416 1121 1563 1172 omni
1587 1120 1845 1173 facultate

167 1196 426 1264 carueriS,
484 1215 694 1264 semper
749 1195 912 1247 altius
962 1193 1136 1246 tribus
1183 1195 1272 1246 uel
1320 1197 1578 1262 quattuor
1623 1196 1849 1264 pedibus

167 1273 232 1324 ad
271 1270 474 1341 pastini
515 1270 924 1322 similitudinem
963 1269 1133 1321 fodies
1173 1269 1467 1333 hortulum,
1507 1269 1600 1338 qui
1633 1270 1710 1322 sic
1743 1269 1849 1322 cul-

91 1347 122 1398 3
166 1350 254 1398 tus
294 1345 550 1415 neglegat
592 1344 876 1397 siccitates
949 1343 1039 1395 sed
1081 1343 1207 1394 huic
1248 1341 1494 1412 quamuis
1536 1347 1724 1395 contra
1762 1362 1849 1396 ne-

166 1420 478 1473 cessitatem
531 1419 647 1470 1010
701 1421 935 1470 stercore
999 1417 1271 1485 quaelibet
1334 1421 1480 1469 terra
1546 1418 1849 1487 conueniat,
1874 1441 1916 1473 15

165 1498 348 1546 tamen
386 1493 518 1546 haec
567 1511 764 1562 genera
811 1495 936 1544 sunt
983 1491 1040 1543 in
1087 1490 1344 1543 electione
1392 1491 1638 1557 uitanda,
1687 1495 1847 1555 creta,

166 1587 327 1637 quam
369 1567 619 1637 argillam
661 1565 909 1634 dicimUS,
957 1569 1119 1633 atque
1159 1565 1387 1617 rubrica.
1458 1565 1593 1617 illud
1635 1584 1847 1634 quoque

167 1641 438 1695 custodies
479 1641 535 1693 in
573 1641 764 1709 1101113,
809 1658 942 1709 quos
983 1639 1187 1692 umoris
1228 1643 1423 1690 natura
1461 1657 1571 1691 non
1611 1639 1848 1708 adiuuat,

164 1721 226 1769 ut
274 1715 483 1769 diuidas
531 1719 712 1784 partes
763 1719 816 1766 et
862 1715 1037 1766 hieme
1085 1714 1150 1765 ad
1191 1713 1488 1781 meridiem,
1537 1717 1741 1766 aestate
1783 1714 1848 1766 ad

167 1790 611 1859 septemtrionem
652 1788 829 1857 spatia
871 1788 1093 1841 colenda
1134 1790 1430 1840 conuertas.
1873 1812 1917 1842 20

87 1867 123 1918 4
275 1863 596 1917 Munitionis
622 1863 790 1915 multa
815 1865 940 1915 sunt
966 1880 1177 1930 genera.
1219 1861 1309 1913 alii
1334 1862 1450 1913 luto
1477 1860 1618 1913 inter
1642 1861 1844 1914 formas

165 1939 346 1991 clauso
379 1937 611 2007 parietes
644 1938 908 2007 figuratos
939 1955 1001 1988 ex
1025 1936 1273 2005 partibus
1299 1934 1597 1987 imitantur.
1654 1936 1849 2004 quibus

167 2013 430 2081 subpetit,
479 2012 740 2065 macerias
787 2011 903 2063 luto
955 2015 1009 2063 et
1056 2010 1232 2078 lapide
1283 2011 1536 2062 excitant.
1605 2010 1848 2079 plerique

284 2149 304 2186 1
340 2142 560 2186 HORTIS
590 2142 630 2186 G
659 2145 664 2197 Ι
694 2142 888 2194 SEDIB3
918 2142 959 2185 G
983 2143 996 2196 ΙΙ
1022 2146 1046 2183 2
1074 2140 1354 2184 conserendo
1381 2143 1486 2196 (pro
1511 2139 1588 2182 ET
1615 2139 1758 2195 SER.)
1783 2141 1844 2196 Ε,

163 2205 210 2246 01
244 2202 425 2245 serendi
458 2206 664 2258 tempore
698 2203 785 2245 iac
824 2204 836 2256 ΙΙ
878 2206 902 2243 3
937 2200 1109 2243 debent
1141 2201 1190 2242 E
1226 2202 1238 2255 ΙΙ
1278 2205 1304 2242 4
1338 2199 1398 2242 sit
1436 2200 1647 2243 omittunt
1677 2201 1848 2244 codices

162 2268 202 2306 et
226 2263 255 2316 ἱ,
290 2264 336 2305 01
363 2264 451 2318 (031
475 2263 632 2317 supra)
658 2262 758 2304 hab.
786 2261 828 2303 L
856 2264 861 2316 Ι
891 2259 1165 2314 sterquilino
1191 2260 1241 2314 V,
1277 2257 1606 2313 sterquililinio
1633 2259 1693 2313 Ε,
1729 2261 1846 2302 ster-

163 2320 359 2377 quilinio
391 2323 561 2378 Tacys
589 2323 593 2376 Ι
624 2320 860 2363 subiectus
895 2318 955 2362 sit
988 2320 1037 2361 E
1073 2321 1086 2374 ΙΙ
1127 2323 1151 2361 5
1186 2332 1290 2361 eum
1321 2332 1402 2361 om.
1436 2318 1542 2374 Qac
1570 2318 1575 2375 Ι
1605 2331 1740 2360 30000
1773 2333 1802 2361 α
1837 2319 1842 2377 Ι

163 2380 278 2423 situs
314 2380 377 2423 sit
408 2396 449 2435 α,
485 2381 601 2423 31103
635 2380 734 2437 [311]
768 2394 855 2436 093
887 2381 900 2434 ΙΙ
942 2384 965 2421 6
999 2378 1240 2434 palearum
1272 2391 1353 2421 om.
1381 2377 1423 2419 L
1447 2379 1461 2432 ΙΙ
1499 2381 1521 2418 7
1555 2375 1723 2420 leuiter
1754 2378 1804 2420 Ε
1832 2379 1847 2436 ΙΙ

163 2445 188 2483 8
222 2439 462 2483 deriuatur
496 2441 545 2493 V,
581 2438 756 2482 diriuat
791 2439 831 2482 G
871 2440 884 2494 ΙΙ
925 2443 949 2480 9
982 2451 1185 2492 nequeas
1218 2437 1305 2480 hoc
1337 2438 1459 2493 iays
1497 2438 1510 2491 ΙΙ
1552 2440 1605 2478 10
1639 2438 1710 2479 031
1741 2450 1847 2480 0011-

164 2499 386 2542 struenda
418 2500 462 2554 S,
498 2499 809 2542 construenda
841 2499 912 2540 est
943 2498 1049 2551 ias,
1084 2496 1393 2539 construenda
1426 2496 1536 2553 [est]
1570 2510 1629 2552 09
1672 2497 1676 2551 Ι
1716 2494 1847 2539 1111110

162 2573 288 2616 0093
317 2561 321 2614 Ι
353 2560 678 2601 consternante
705 2573 740 2614 p
764 2560 777 2613 ΙΙ
806 2562 857 2600 14
891 2555 1092 2612 negligit
1123 2557 1169 2599 is
1193 2558 1206 2611 ΙΙ
1233 2561 1284 2598 15
1318 2555 1443 2597 iusta
1473 2555 1528 2609 L,
1561 2553 1664 2597 iuta
1695 2556 1763 2610 (ta
1793 2556 1846 2598 in

161 2620 344 2673 rasura)
379 2619 429 2672 V,
470 2617 610 2660 mista
649 2619 803 2674 iacys
826 2619 840 2672 ΙΙ
868 2621 920 2658 16
962 2619 1089 2658 01010
1131 2614 1311 2658 30111001
1342 2615 1391 2657 Ε
1412 2616 1426 2670 ΙΙ
1452 2618 1505 2656 17
1540 2612 1710 2670 argilla
1748 2614 1791 2656 L
1836 2615 1842 2672 Ι

164 2676 447 2720 rubricunda
479 2678 528 2719 E
549 2680 561 2732 ΙΙ
589 2683 640 2720 19
677 2675 862 2718 diuidat
894 2675 943 2717 F
967 2675 971 2731 Ι
999 2688 1086 2730 per
1111 2676 1267 2730 partes
1301 2688 1379 2728 as,
1414 2673 1534 2730 [per]
1566 2674 1723 2729 partes
1749 2686 1808 2729 09
1831 2674 1846 2731 ΙΙ

166 2741 220 2778 20
255 2735 409 2792 spatia
443 2736 637 2779 colenda
669 2750 750 2779 om.
772 2750 807 2791 Ρ
852 2736 866 2790 Η
915 2739 965 2776 21
1001 2734 1183 2776 Debent
1223 2732 1364 2776 etiam
1395 2731 1518 2775 horti
1552 2744 1650 2775 esse
1683 2731 1843 2787 clausi,

167 2795 246 2838 sed
278 2795 549 2838 munitionis
583 2810 661 2850 as,
702 2794 887 2837 Debent
911 2819 967 2824 —
994 2793 1074 2836 sed
1106 2793 1208 2836 incl.
1236 2807 1293 2849 09
1344 2794 1348 2848 Ι
1404 2804 1576 2848 genera
1614 2792 1723 2834 sunt
1753 2791 1803 2834 E
1841 2791 1846 2849 Ι

167 2859 220 2896 22
256 2868 310 2897 ex
341 2854 564 2897 lateribus
594 2855 611 2897 i
621 2870 649 2897 α
658 2869 716 2911 93
744 2856 748 2909 Ι
777 2852 946 2909 quibus
974 2852 1106 2908 copia
1131 2850 1338 2908 suppetit
1362 2866 1441 2906 as,
1475 2849 1642 2905 quibus
1669 2849 1824 2907 [copia

166 2913 373 2970 suppetit
406 2928 462 2970 09
487 2917 499 2969 ΙΙ
527 2919 580 2956 23
613 2912 835 2956 maceries
868 2912 917 2954 E
942 2914 948 2967 Ι
977 2911 1239 2954 excitantur
1268 2912 1315 2954 E
