2072 3145
80 956 121 987 10

79 1444 120 1475 15

80 1843 122 1874 20

782 146 974 189 AGRIC.
1000 147 1043 189 V
1067 151 1181 189 3-4
1719 148 1821 199 153

143 269 521 336 beneseritur,
561 271 744 319 tamen
775 271 955 335 potest
988 268 1178 319 melius
1214 267 1532 335 adolescere,
1565 268 1609 319 si
1644 269 1820 336 spatio

143 343 345 394 rariore
378 344 650 411 pangatur
683 346 737 392 et
767 342 986 393 iuuetur
1019 359 1145 393 suco
1179 341 1484 392 laetaminis
1518 345 1572 393 et
1604 343 1822 394 umoris,

142 417 285 468 ferro
333 419 513 467 tamen
562 433 772 483 semper
819 421 901 467 est
947 415 1309 482 recidendum,
1361 415 1487 482 quia
1534 416 1612 467 ita
1652 417 1822 483 pullu-

144 491 255 542 lare
308 508 418 541 non
465 493 653 542 cessat.
738 508 879 542 nunc
929 491 1162 542 ocimum
1212 489 1421 540 seritur.
1510 490 1617 541 cito
1671 489 1822 542 nasci
1861 491 1896 542 4

145 563 358 630 dicitur,
399 563 445 615 si
485 564 686 631 statim,
728 582 847 616 cum
888 564 1101 625 seueris,
1144 581 1283 631 aqua
1316 563 1487 614 calida
1518 563 1820 631 perfundas.

144 656 257 689 rem
304 637 498 688 miram
537 638 599 688 de
645 636 817 689 ocimo
858 636 1126 689 Martialis
1169 637 1440 704 adfirmat,
1482 637 1623 705 quod
1663 638 1821 689 modo

143 729 442 780 purpureos
491 712 648 763 modo
692 711 842 762 albos
882 711 1041 763 flores
1082 711 1240 763 modo
1282 729 1496 762 russeos
1537 712 1714 779 pariat
1755 715 1821 778 et,

146 786 191 836 si
232 804 295 836 ex
327 803 388 836 eo
427 785 626 836 semine
659 784 968 852 frequenter
1001 789 1222 852 seratur,
1262 785 1420 835 modo
1455 785 1511 835 in
1544 754 1821 853 serpilluni

146 859 303 911 modo
338 860 392 910 in
426 858 774 926 sisymbrium
808 863 1063 911 mutetur.
1117 860 1220 910 hoc
1254 859 1418 910 etiam
1452 877 1633 910 mense
1661 859 1820 911 melo—
1862 860 1895 912 5

146 951 240 985 nes
282 936 336 984 et
377 951 682 985 cucumeres
724 937 973 985 seruntur
1014 938 1067 984 et
1106 951 1299 1001 porrus
1342 935 1395 984 et
1434 933 1491 983 in
1526 932 1820 1000 primordio

148 1008 393 1075 capparis
443 1010 495 1058 et
540 1006 818 1074 serpillum
859 1011 911 1059 et
952 1006 1215 1059 colocasei
1254 1006 1522 1074 plantaria
1561 1025 1822 1074 ponemus

146 1085 200 1132 et
246 1081 486 1132 lactucas
536 1086 589 1132 et
636 1081 790 1132 betas
841 1085 895 1133 et
937 1082 1171 1150 cepullas
1214 1085 1268 1132 et
1309 1080 1650 1132 coriandrum
1691 1098 1824 1131 sere-

148 1173 267 1206 mus
301 1159 355 1206 et
387 1155 577 1222 intyba
611 1156 842 1207 secunda
875 1155 1099 1223 satione,
1134 1155 1327 1223 quibus
1360 1157 1577 1206 utamur
1602 1158 1824 1223 aestate,

148 1232 202 1280 et
243 1228 548 1280 cucurbitas
591 1232 643 1279 et
684 1233 921 1281 mentam
962 1230 1138 1281 radice
1180 1229 1266 1281 uel
1306 1228 1507 1296 planta.

798 1419 895 1472 DE
937 1419 1174 1472 POMIS.

257 1522 531 1576 ZIZYFA.
610 1523 768 1576 Locis
819 1524 1003 1576 calidis
1054 1523 1212 1592 aprili
1260 1542 1441 1575 mense
1492 1523 1724 1592 zizyfum
1801 1523 1911 1574 IIII

147 1615 500 1665 00116616111116,
546 1598 758 1668 frigidis
799 1617 926 1651 uero
969 1599 1110 1650 maio
1152 1598 1238 1650 uel
1277 1598 1440 1649 iunio,
1520 1601 1665 1649 amat
1706 1598 1824 1649 loca

147 1671 339 1738 calida,
396 1673 590 1740 aprica.
670 1673 866 1724 seritur
920 1673 1131 1724 ossibus
1184 1676 1236 1723 et
1285 1672 1472 1740 stipite
1522 1675 1575 1723 et
1621 1672 1825 1739 planta.

148 1746 339 1797 crescit
372 1745 690 1798 tardissime.
748 1747 838 1798 sed
871 1746 916 1798 si
941 1746 1183 1814 plantam
1209 1763 1394 1813 ponas,
1425 1745 1622 1797 martio
1649 1746 1823 1814 magis

146 1822 292 1871 terra
338 1819 510 1886 molli,
559 1821 604 1872 si
654 1820 863 1872 ossibus
910 1838 1078 1888 seras,
1125 1821 1181 1871 in
1222 1821 1406 1871 scrobe
1447 1820 1699 1886 palmari,
1746 1820 1825 1870 ita

147 1896 207 1945 1113
261 1897 415 1944 terna
470 1911 640 1962 grana
694 1913 789 1961 per
842 1894 1086 1949 scrobem
1134 1894 1500 1945 cacuminibus
1555 1896 1825 1960 ponantur

147 1967 393 2019 inuersis,
457 1968 650 2034 quibus
692 1969 749 2018 in
789 1969 895 2019 imo
939 1972 992 2019 et
1032 1968 1088 2019 in
1121 1986 1331 2019 summo
1366 1967 1690 2018 adfundatur
1722 1967 1826 2018 lae-

147 2045 329 2092 tamen
376 2045 429 2092 et
478 2042 612 2093 cinis
661 2046 715 2092 et
761 2041 942 2093 herbis
986 2041 1396 2093 adnascentibus
1437 2059 1599 2092 manu
1638 2041 1826 2108 planta

267 2235 288 2272 1
323 2230 442 2273 bene
476 2245 579 2273 cum
612 2231 654 2272 V
687 2233 700 2286 Η
741 2236 764 2272 3
801 2230 1101 2272 recidendum
1133 2243 1313 2286 semper
1345 2232 1415 2273 est
1446 2244 1553 2287 cys,
1596 2230 1826 2272 resciden-

147 2289 257 2331 dum
289 2303 468 2345 semper
500 2292 570 2332 est
601 2291 675 2345 ia,
708 2288 982 2332 recidendus
1018 2290 1060 2333 G
1103 2292 1106 2346 Ι
1151 2289 1231 2344 qui
1270 2288 1339 2332 ita
1371 2290 1463 2331 PL
1482 2289 1574 2331 VG
1606 2291 1619 2345 Η
1665 2294 1692 2331 4
1733 2289 1824 2331 021-

145 2363 272 2390 mum
304 2349 353 2390 E
385 2351 398 2404 ΙΙ
438 2353 462 2391 6
496 2348 642 2391 0211110
676 2350 725 2391 Ε
753 2351 765 2403 ΙΙ
808 2353 830 2390 7
863 2362 1040 2391 rosseos
1074 2350 1128 2402 P,
1160 2361 1320 2390 ruseus
1353 2349 1409 2402 L,
1443 2361 1596 2390 roseos
1630 2347 1825 2391 V2SE2·

148 2421 273 2463 ccc-98
319 2409 332 2462 ΙΙ
379 2412 403 2450 8
442 2421 496 2450 ex
528 2408 690 2450 eodem
726 2408 767 2450 G
813 2410 826 2462 11
874 2413 898 2449 9
933 2407 1149 2450 sisibrum
1182 2408 1429 2463 PLQVz',
1472 2406 1737 2449 sisimbrum
1774 2408 1821 2460 T,

149 2465 430 2508 sisimbrium
462 2467 605 2521 SGa
648 2466 914 2509 sisinbrium
946 2468 995 2509 E
1038 2470 1050 2522 ΙΙ
1100 2472 1154 2510 10
1189 2481 1375 2522 porrum
1411 2466 1452 2509 G
1498 2468 1511 2521 Η
1561 2472 1611 2507 11
1655 2468 1702 2508 613
1734 2478 1824 2507 ser-

146 2524 389 2580 pyllum—
399 2524 564 2580 planta
604 2540 685 2568 om.
713 2526 761 2568 E
794 2527 797 2582 1
837 2525 1091 2568 colocasiae
1129 2527 1226 2569 edd.
1273 2527 1286 2580 11
1336 2530 1387 2567 13
1428 2524 1581 2567 intiba
1622 2525 1714 2566 PL
1732 2524 1823 2567 VG

148 2584 234 2627 §T
239 2584 298 2639 F,
330 2583 497 2626 intuba
525 2584 561 2640 Q
585 2587 598 2640 Η
625 2590 679 2627 14
710 2585 921 2640 plantam
945 2585 987 2627 L
1012 2588 1025 2641 ΙΙ
1054 2590 1104 2627 15
1137 2585 1205 2627 De
1237 2583 1419 2640 zizipha
1450 2598 1553 2626 cum
1578 2582 1825 2650 disciplina

149 2656 233 2684 sua
280 2658 328 2697 a,
379 2642 448 2686 De
495 2642 672 2699 zizipho
721 2659 755 2687 0
799 2644 840 2685 d.
884 2658 916 2686 s.
958 2659 999 2698 c,
1055 2644 1133 2686 DE
1182 2643 1334 2686 Pomis
1382 2643 1418 2685 ἅ
1466 2641 1600 2684 zizifa
1647 2643 1689 2697 ι’
1744 2641 1823 2684 DE

149 2701 335 2744 ZIZIFO
385 2702 434 2744 E
484 2704 497 2758 ΙΙ
553 2708 604 2745 16
653 2702 887 2745 ZYZYFA
926 2703 1078 2746 LVG
1136 2706 1140 2758 1
1199 2702 1411 2767 zyzyfum
1456 2701 1670 2758 PLQV
1719 2700 1824 2742 zizi-

145 2761 291 2816 phum
323 2775 409 2817 cys
447 2763 460 2816 ΙΙ
489 2766 555 2811 ,17
589 2775 844 2817 seremusp
886 2762 890 2817 Ι
933 2761 1036 2805 loca
1067 2761 1251 2818 frigida.
1289 2761 1445 2816 aprica
1472 2761 1521 2802 Ε
1554 2762 1566 2816 ΙΙ
1609 2764 1660 2801 19
1696 2773 1823 2802 ama-

148 2819 327 2862 rissime
360 2820 409 2862 Ε
448 2823 453 2875 Ι
495 2820 628 2875 ponis
667 2822 834 2876 szssacq
873 2823 885 2876 Η
926 2826 980 2864 20
1011 2821 1060 2863 in
1091 2824 1215 2864 terra
1251 2820 1376 2875 Gicc,
1415 2819 1500 2876 [in]
1534 2822 1658 2861 terra
1691 2833 1778 2875 cys
1817 2860 1818 2863 ,

149 2891 298 2920 seram
329 2879 371 2921 L
418 2882 431 2935 Η
478 2883 530 2921 21
565 2882 618 2921 ut
657 2894 737 2923 om.
773 2880 821 2922 E
864 2882 877 2935 ΙΙ
925 2885 979 2922 2-2
1020 2883 1066 2923 et
1105 2880 1153 2922 in
1193 2893 1368 2921 summo
1409 2893 1489 2921 om.
1527 2878 1569 2921 G
1619 2880 1623 2935 Ι
1676 2877 1821 2921 affun-

150 2937 320 2980 dantur
359 2938 408 2980 E
