2072 3145
803 129 997 174 AGRIC.
1022 130 1066 173 H
1091 134 1144 174 15
1743 132 1813 183 63

139 271 321 305 mense
361 251 649 303 februario.
713 251 804 304 sed
843 251 962 319 ipsa
1001 251 1286 321 amygdala
1325 253 1390 304 ad
1422 253 1727 320 ponendum
1761 258 1814 305 et

136 345 281 379 noua
328 326 568 395 legamus
618 329 671 377 et
721 326 966 394 grandia,
1016 344 1173 394 quae,
1222 329 1509 394 antequam
1549 327 1812 393 ponimUS,

133 400 306 469 pridie
363 400 539 451 mulsa
595 402 791 467 aquata
844 399 1006 450 nimis
1066 417 1417 466 maceremUS,
1472 419 1537 452 ne
1594 418 1814 469 germen

138 474 421 542 extinguat
462 491 525 525 ex
565 473 737 525 multo
778 473 936 525 melle
977 474 1317 526 mordacitas,
1381 474 1473 526 alii
1504 473 1653 542 prius
1684 474 1812 526 fimo

87 548 338 615 5liquido
386 566 482 616 per
528 547 768 599 triduum
814 565 976 599 nuces
1018 565 1105 599 eas
1146 551 1442 599 macerant:
1499 549 1686 600 deinde
1727 549 1810 600 die

132 625 187 673 et
232 624 390 673 nocte
433 640 548 673 esse
587 622 868 689 patiuntur
906 621 964 672 in
1003 621 1200 688 mulsa,
1247 622 1338 673 sed
1380 640 1512 690 quae
1554 622 1811 691 suspicio-

128 714 253 747 nem
302 699 516 747 tantum
559 695 734 763 possit
773 695 970 747 habere
1011 695 1321 747 dulcedinis.
1400 714 1520 747 cum
1560 696 1617 747 in
1657 697 1810 748 semi-

128 769 282 821 nario
333 770 621 838 amygdala
670 769 1028 838 disponimUS,
1077 769 1122 821 si
1171 769 1386 821 siccitas
1430 770 1811 840 intercesserit,

129 846 213 895 ter
260 843 317 894 in
365 862 546 895 mense
596 843 833 913 rigemus
884 846 937 894 et
976 843 1159 895 herbis
1200 843 1548 895 nascentibus
1590 843 1809 896 circum-

62 940 103 971 10
129 916 381 969 fodiendo
439 935 595 985 saepe
645 935 950 986 purgemus
1029 921 1173 968 terra
1221 917 1494 969 seminarii
1543 918 1809 970 laetamen

126 990 324 1043 habere
366 991 524 1043 debet
565 991 876 1043 admixtum.
949 992 1126 1059 spatia
1165 991 1306 1043 inter
1346 992 1564 1044 arbores
1605 992 1807 1061 uiginti

127 1068 221 1116 aut
262 1065 568 1134 quindecim
608 1065 833 1133 pedibus
875 1065 1082 1117 dedisse
1124 1064 1373 1118 sufficiat.
1441 1067 1681 1134 putanda
1721 1069 1804 1118 est

125 1139 410 1191 nouembri
459 1158 664 1205 mense,
711 1143 772 1191 ut
815 1139 1085 1207 superflua
1124 1143 1178 1191 et
1217 1140 1367 1191 arida
1407 1144 1462 1191 et
1503 1140 1666 1192 densa
1705 1141 1807 1192 tol-

125 1213 314 1264 lamus
394 1213 686 1265 seruandae
736 1217 862 1265 sunt
912 1231 941 1264 a
988 1232 1202 1281 pecore,
1251 1214 1397 1282 quia,
1446 1214 1491 1265 si
1531 1216 1806 1283 rodantur,

60 1309 100 1340 15
128 1290 484 1340 amarescunt.
547 1286 863 1339 circumfodi
902 1305 1011 1339 non
1052 1288 1261 1355 debent,
1304 1288 1554 1355 quotiens
1595 1288 1805 1355 florent,

127 1360 253 1428 quia
284 1360 406 1412 inde
439 1361 538 1413 fios
573 1361 685 1413 eius
720 1361 1004 1414 excutitur.
1063 1361 1119 1412 in
1151 1365 1427 1413 uetustate
1459 1362 1580 1429 plus
1615 1361 1804 1414 adfert.

126 1432 184 1486 si·
211 1434 360 1486 ferax
399 1452 508 1486 non
549 1438 645 1502 est,
686 1435 839 1486 tedae
882 1453 1108 1487 cuneum
1149 1436 1425 1488 terebrata
1464 1435 1640 1488 radice
1675 1455 1805 1488 mer-

125 1525 314 1577 gamus
369 1509 457 1560 uel
512 1509 718 1561 silicem
774 1508 850 1561 sic
904 1509 1226 1577 inseramus,
1281 1514 1343 1561 ut
1397 1509 1536 1562 libro
1587 1513 1803 1579 tegente

125 1582 416 1634 claudatur.
495 1583 629 1635 locis
684 1582 922 1652 frigidis,
977 1584 1070 1635 ubi
1125 1588 1300 1636 metus
1353 1587 1436 1635 est
1483 1585 1544 1636 de
1592 1583 1800 1652 pruina,
1827 1586 1890 1637 10

57 1678 99 1709 20
123 1655 391 1708 Martialis
433 1656 564 1709 dicit
602 1657 706 1709 hoc
746 1657 981 1709 remedio
1023 1658 1314 1710 subueniri.
1382 1661 1671 1726 antequam
1711 1658 1804 1710 fio-

122 1734 300 1800 reant,
355 1731 560 1783 radices
615 1731 888 1782 nudantur
935 1735 988 1783 et
1039 1731 1149 1783 albi
1197 1731 1401 1800 lapides
1451 1733 1803 1784 minutissimi

122 1803 281 1856 mixti
335 1805 510 1857 arenis
567 1809 933 1874 congeruntur
989 1809 1062 1872 et,
1118 1805 1208 1856 ubi
1262 1806 1371 1857 iam
1426 1809 1606 1858 tutum
1657 1806 1801 1858 uide-

120 1877 294 1945 bitur,
348 1881 410 1930 ut
466 1879 693 1930 debeant
742 1879 1067 1948 germinare,
1123 1879 1303 1931 effossi
1350 1880 1548 1931 iterum
1595 1880 1799 1948 lapides

122 1956 545 2004 summouentur.
622 1956 835 2004 teneras
884 1971 1045 2005 nuces
1096 1954 1413 2022 amygdalus
1463 1955 1689 2022 creabit,
1738 1957 1884 2008 utll

53 2048 94 2080 25
121 2027 273 2091 dicit,
329 2026 374 2078 si
429 2031 553 2078 ante
605 2027 794 2079 florem
841 2027 1110 2079 radicibus
1158 2027 1496 2095 ablaqueatis
1544 2048 1639 2096 per
1686 2029 1798 2080 dies

119 2101 328 2169 aliquot
369 2100 540 2152 calida
573 2119 712 2168 aqua
743 2101 1038 2172 ingeratur.
1102 2120 1166 2153 ex
1199 2103 1396 2153 amaris
1431 2103 1612 2154 dulces
1644 2103 1798 2165 fiunt,

119 2175 164 2226 si
223 2175 575 2227 circumfosso
638 2175 822 2243 stipite
886 2175 1059 2227 tribus
1117 2175 1304 2245 digitis
1373 2195 1402 2228 a
1465 2176 1642 2229 radice
1699 2177 1797 2228 fiat

235 2340 256 2377 1
293 2334 607 2391 amygdalana
638 2336 681 2378 L
721 2338 734 2391 ΙΙ
774 2340 797 2377 2
830 2348 1056 2391 ponamus
1089 2336 1272 2392 Eacys
1310 2338 1324 2391 ΙΙ
1364 2340 1388 2378 3
1422 2335 1571 2392 pridie
1604 2350 1684 2379 om.
1714 2351 1749 2391 p
1785 2337 1788 2393 Ι

116 2395 292 2449 aquata
328 2393 466 2436 nimis
505 2393 657 2437 mulsa
689 2396 726 2449 i,
770 2394 922 2436 mulsa
963 2408 1104 2450 aqua,
1144 2394 1215 2437 ita
1254 2397 1306 2437 ut
1344 2408 1400 2437 ne
1440 2394 1577 2437 nimis
1619 2410 1750 2451 ωορδ
1787 2396 1792 2453 Ι

115 2466 258 2509 neg-er
288 2466 386 2495 mer
416 2453 452 2509 Q,
476 2455 489 2509 ΙΙ
513 2459 541 2496 4
574 2466 629 2496 ex
660 2453 809 2496 mulso
835 2453 970 2496 melle
994 2453 1265 2497 mordicitas
1290 2455 1340 2496 Ε
1361 2457 1374 2510 ΙΙ
1401 2459 1424 2497 6
1460 2468 1512 2497 ac
1542 2456 1679 2497 nocte
1704 2455 1754 2496 E
1782 2455 1797 2528 ΙΙ

117 2517 140 2554 7
174 2514 370 2568 possunt
400 2512 450 2554 E
475 2514 480 2568 Ι
508 2512 557 2554 in
589 2526 670 2556 om.
702 2513 743 2557 G
767 2515 780 2568 ΙΙ
805 2517 830 2555 S
863 2512 1126 2556 intercessit
1154 2513 1452 2567 LVSEGz',
1485 2513 1674 2564 intersit
1705 2514 1755 2556 F
1782 2529 1797 2572 ΙΙ

117 2576 169 2613 11
206 2571 346 2614 debet
383 2571 555 2614 habere
590 2573 643 2615 ia
688 2574 702 2627 ΙΙ
751 2577 803 2614 12
847 2574 927 2614 aut
966 2571 1139 2629 uiginti
1178 2571 1382 2627 quinque
1422 2573 1594 2629 pedum
1625 2587 1750 2630 (ceys
1786 2573 1790 2630 Ι

115 2629 273 2673 sufflat
304 2631 349 2673 P
374 2631 379 2686 Ι
406 2631 642 2686 putandae
675 2633 783 2674 sunt
815 2645 940 2688 (ceys
963 2634 976 2686 ΙΙ
1003 2637 1057 2674 14
1088 2632 1310 2674 rodentur
1333 2633 1383 2674 E
1403 2634 1416 2687 ΙΙ
1444 2637 1495 2674 15
1531 2631 1618 2684 Qui
1651 2631 1795 2674 circu-

113 2688 212 2732 fodi
236 2704 273 2745 p
311 2692 324 2745 ΙΙ
367 2694 417 2732 17
452 2690 588 2732 taede
625 2690 662 2747 Q
700 2693 714 2747 ΙΙ
754 2695 808 2733 20
841 2689 1084 2733 marciales
1121 2692 1194 2745 G!
1236 2691 1481 2733 subuenire
1515 2691 1606 2734 SE
1631 2693 1635 2746 Ι
1663 2691 1794 2734 flore-

114 2751 247 2791 scant
270 2749 320 2791 E
341 2750 354 2803 ΙΙ
380 2753 432 2790 21
459 2749 692 2792 nudentur
716 2750 766 2792 E
791 2752 795 2804 Ι
824 2748 1138 2793 minutissima
1163 2751 1207 2792 P
1227 2752 1241 2805 ΙΙ
1267 2755 1320 2792 22
1347 2753 1686 2806 congregentur
1710 2751 1760 2793 Ε
1786 2751 1790 2808 Ι

112 2806 208 2850 iam
253 2810 439 2850 tantum
482 2808 539 2863 G,
586 2808 680 2851 iam
720 2808 895 2850 dudum
927 2823 983 2864 p,
1031 2809 1125 2852 iam
1171 2811 1353 2865 tempus
1395 2824 1491 2865 acy
1537 2812 1550 2864 ΙΙ
1599 2815 1654 2851 24
1687 2810 1794 2853 sub-

112 2870 389 2910 moueantur
419 2867 471 2910 E
511 2868 515 2923 Ι
559 2867 736 2913 creauit
768 2868 862 2911 PL
880 2868 1008 2911 V1F
1041 2871 1055 2925 ΙΙ
1095 2873 1149 2911 26
1185 2867 1376 2924 aliquod
1408 2868 1641 2925 PLQV1
1677 2870 1682 2925 Ι
1724 2868 1794 2912 in-

113 2925 290 2969 feratur
316 2928 466 2982 291127
501 2927 776 2970 circumfuso
809 2927 859 2970 F
