2014 3169
159 103 230 155 84
858 97 1138 140 PALLADlI

160 223 341 276 omnia
380 222 687 274 recidantur
727 224 782 271 et
821 237 964 270 noua
1004 217 1334 271 circumcisis
1374 216 1638 285 capreolis
1674 220 1727 268 et
1759 235 1839 269 ra-

159 297 319 350 mulis
375 295 660 347 inutilibus
717 292 1076 344 dimittantur.
1162 292 1252 343 sed
1306 290 1696 358 prouidendum
1757 294 1840 342 est

161 370 410 424 omnibus
462 369 615 420 annis
665 367 836 418 uitem
881 366 1081 418 resolui
1129 384 1189 417 ac
1237 363 1479 433 religari,
1527 364 1653 433 quia
1690 363 1840 416 refri-

162 450 396 514 geratur.
451 443 530 494 ita
560 440 834 492 formandi
867 444 993 491 sunt
1026 439 1164 491 rami
1196 439 1452 490 arborum
1484 438 1840 498 uitiferarum‚

159 537 225 571 ne
267 518 403 569 alter
444 517 543 568 sub
586 515 810 567 alterius
852 514 994 565 linea
1032 514 1319 582 dirigatur:
1361 512 1452 564 sed
1490 512 1609 564 loco
1648 511 1840 581 pingui
1889 533 1908 565 5

161 593 338 644 ulmus
381 609 412 642 a
451 594 597 641 terra
636 593 758 640 octo
800 589 1040 656 pedibus,
1083 587 1273 656 gracili
1312 604 1441 638 uero
1484 590 1691 654 septem
1728 587 1841 638 sine

90 670 121 721 3
162 685 312 718 ramo
368 664 717 732 relinquenda
773 666 867 714 est.
945 662 1001 712 in
1057 661 1171 712 solo
1223 659 1434 712 roscido
1483 663 1537 711 et
1581 660 1842 712 nebuloso

162 740 301 792 rami
348 739 556 790 arboris
597 737 844 788 uitiferae
886 736 943 787 in
983 734 1246 787 orientem
1288 737 1341 785 et
1382 733 1710 786 occidentem
1751 753 1844 802 pu-

161 815 368 866 tatione
402 813 721 880 dirigantur,
752 815 814 861 ut
845 810 1017 861 latera
1048 826 1220 860 uacua
1253 808 1382 859 solis
1413 808 1576 859 radiis
1603 809 1845 860 membra

162 888 332 940 totius
380 887 511 938 uitis
561 886 861 937 ostendant.
940 883 1208 952 agendum
1247 886 1330 933 est
1371 886 1574 948 autem,
1613 885 1674 932 ut
1712 882 1841 933 uitis
1868 903 1911 934 10

165 962 339 1030 spissa
376 978 488 1011 non
527 959 599 1011 sit
637 959 694 1010 in
735 959 941 1025 arbore,
975 962 1028 1008 et
1062 956 1431 1008 deficientibus
1464 956 1653 1022 primis
1688 956 1843 1008 arbo-

163 1037 314 1088 ribus
358 1033 764 1086 substituendae
807 1035 932 1084 sunt
973 1031 1123 1082 aliae.
1188 1031 1244 1081 in
1278 1030 1397 1082 loco
1433 1030 1637 1082 cliuoso
1669 1029 1844 1081 humi-

163 1110 267 1162 lius
316 1110 453 1160 rami
501 1109 756 1159 arborum
805 1106 1054 1157 seruandi
1103 1109 1250 1171 sunt,
1298 1105 1354 1154 in
1394 1104 1555 1172 plano
1597 1108 1651 1154 et
1689 1103 1846 1172 uligi-

163 1202 298 1236 noso
348 1182 528 1235 altius,
604 1181 856 1249 palmites
907 1180 971 1231 ad
1019 1179 1268 1230 arborem
1315 1196 1425 1229 non
1471 1178 1602 1229 duro
1642 1177 1845 1229 uimine

165 1259 426 1327 ligentur,
474 1274 539 1307 ne
588 1273 680 1307 eos
727 1254 1004 1307 uinculum
1051 1253 1255 1305 recidat
1306 1257 1400 1303 aut
1444 1252 1667 1303 adterat.
1743 1251 1846 1304 hoc
1873 1272 1915 1305 15

168 1335 350 1384 autem
403 1330 642 1397 noueriS‚
700 1331 825 1397 quia
879 1329 1106 1397 palmes,
1164 1326 1306 1394 quod
1358 1329 1510 1377 extra
1553 1325 1848 1395 ligaturam

164 1404 699 1476 pendenshhabuerit7
739 1403 921 1454 fructu
951 1401 1151 1461 induet,
1192 1401 1333 1468 quod
1365 1399 1507 1451 infra
1539 1400 1849 1469 ligaturam,

167 1480 422 1532 materiae
465 1478 738 1546 sequentis
780 1477 906 1528 anni
946 1475 1239 1544 deputabit.

271 1671 370 1724 DE
410 1666 1033 1723 PROVINCIALIBVS
1074 1666 1323 1720 VINEIS
1365 1664 1751 1719 PVTANDIS.

82 1776 245 1830 XIIII
358 1774 537 1842 Vites,
594 1792 724 1843 quas
779 1772 1101 1841 prouinciali
1148 1790 1295 1823 more
1343 1771 1492 1823 uelut
1540 1771 1851 1822 arbusculas
1878 1792 1920 1824 20

173 1855 317 1902 stare
359 1850 490 1918 dixi,
532 1849 577 1901 si
616 1849 901 1900 instituere
942 1847 1101 1909 ueliS‚
1145 1864 1324 1898 ramos
1367 1864 1396 1896 a
1438 1848 1696 1913 quattuor
1733 1863 1854 1913 par-

170 1925 319 1976 tibus
366 1923 451 1975 his
499 1922 770 1991 relinques
820 1925 873 1973 et
920 1921 978 1972 in
1025 1921 1100 1972 eis
1148 1920 1385 1972 brachiis
1435 1922 1707 1971 sarmenta
1752 1937 1851 1987 pro

171 1998 301 2051 uitis
342 1998 705 2066 possibilitate
747 1995 1003 2047 seruabis
1066 1994 1207 2046 uites
1249 1998 1450 2059 autem,
1494 2011 1629 2061 quae
1669 1992 1852 2045 cannis

171 2074 230 2124 in
269 2073 455 2124 orbem
497 2074 778 2140 coguntur,
826 2070 902 2121 sic
941 2072 1215 2138 putentur,
1257 2067 1706 2137 quemadmodum
1746 2085 1854 2135 eae,

174 2164 310 2215 quae
349 2145 599 2197 nituntur
639 2144 820 2196 ridicis
863 2149 956 2195 aut
995 2143 1148 2212 palis.
1211 2143 1335 2194 illae
1376 2159 1520 2208 uem,
1562 2159 1698 2209 quae
1739 2141 1852 2193 sine
1878 2159 1922 2194 25

175 2220 514 2272 adminiculis
549 2220 740 2287 iacent,
772 2218 915 2287 quod
947 2236 1043 2286 pro
1080 2217 1195 2269 sola
1225 2215 1526 2286 indigentia
1551 2215 1855 2267 faciendum

176 2299 258 2347 est
297 2295 384 2346 uel
423 2293 745 2346 necessitate
788 2292 1112 2360 prouinciae,
1151 2291 1326 2359 primo
1369 2307 1507 2341 anno
1549 2289 1680 2340 duas
1714 2306 1857 2358 gem-

296 2490 320 2527 6
355 2484 490 2526 ulnus
525 2484 573 2526 E
602 2486 615 2538 Η
649 2487 671 2524 7
706 2481 861 2525 rosido
898 2483 1018 2537 incy
1042 2483 1056 2537 Η
1083 2486 1137 2523 10
1170 2479 1374 2523 ostendit
1406 2480 1454 2522 E
1476 2482 1490 2535 Η
1517 2484 1567 2521 11
1607 2477 1858 2521 desinenti-

176 2544 263 2586 bus
296 2544 346 2586 E
382 2546 395 2599 Η
438 2548 490 2585 12
525 2545 633 2585 sunt
665 2556 745 2585 om.
773 2542 822 2584 E
858 2543 872 2596 Η
914 2546 967 2582 15
1001 2540 1242 2596 praecidat
1273 2556 1293 2581 s
1329 2542 1333 2596 Ι
1371 2541 1511 2593 atque
1540 2552 1625 2593 pro
1659 2540 1741 2580 aut
1770 2539 1813 2581 L
1844 2536 1860 2640 Ι,

184 2609 234 2646 16
265 2602 447 2659 palmas
477 2617 509 2657 p
548 2604 561 2657 Η
606 2606 654 2644 17
689 2601 889 2643 fructum
923 2600 1086 2642 VFac
1125 2603 1130 2655 Ι
1170 2598 1322 2641 induit
1355 2596 1815 2654 PLQVSETFG
1844 2609 1859 2654 ᾗ,

181 2667 234 2705 18
284 2661 532 2718 deputabis
572 2662 621 2704 E
664 2663 678 2716 Η
727 2665 779 2702 19
821 2658 1121 2701 PVTANDIS
1170 2673 1251 2702 om.
1292 2658 1342 2700 E
1384 2660 1399 2713 Η
1446 2662 1501 2699 20
1547 2654 1858 2712 prouinciales

179 2721 310 2764 uelut
345 2722 387 2765 G
415 2724 420 2777 Ι
450 2719 697 2764 arbuscula
728 2720 778 2762 E
813 2721 826 2774 Η
867 2723 920 2760 22
955 2718 1220 2773 relinquens
1253 2717 1302 2760 E
1332 2719 1345 2772 Η
1384 2722 1440 2759 23
1473 2714 1735 2759 stabilitate
1768 2715 1818 2757 E
1846 2714 1862 2772 Η

183 2786 236 2823 24
271 2780 563 2837 stringuntur
592 2795 644 2834 p,
687 2778 937 2834 cinguntur
969 2793 995 2819 a
1041 2780 1045 2833 ᾖ
1085 2778 1200 2819 haec
1237 2775 1500 2831 PLQVG,
1542 2775 1628 2817 hee
1659 2774 1727 2828 E,
1771 2773 1860 2816 hae

181 2840 216 2882 S
230 2840 346 2882 TFa·
370 2843 383 2895 Η
410 2845 462 2882 25
496 2839 666 2882 radicis
695 2837 1011 2893 PLQV'J'F,
1046 2836 1280 2879 radicibus
1314 2836 1362 2878 E
1376 2836 1430 2889 G,
1463 2833 1630 2877 redicis
1662 2833 1715 2889 S,
1748 2832 1861 2875 ridi-

182 2897 246 2940 cis
281 2902 359 2941 aut
392 2913 474 2942 om.
496 2915 530 2954 J)
554 2902 566 2954 Η
594 2904 647 2940 26
680 2910 761 2954 pro
795 2911 876 2940 om.
904 2896 983 2952 ΕΙ
1012 2894 1307 2952 indulgentia
1332 2909 1368 2950 p
