2014 3169
162 138 228 181 VI
835 135 1176 179 PRAEFATIO

168 265 410 327 servatur,
449 262 684 310 lectiones
726 262 786 309 ab
826 262 863 309 I.
897 262 950 308 F.
984 261 1185 309 Herelio
1227 263 1481 322 excerptas
1504 261 1563 309 A.
1588 261 1852 309 Ernestius

164 338 218 385 in
265 337 479 384 secunda
528 335 730 384 Gesneri
785 335 1000 383 editione
1055 329 1293 382 addidit.1
1367 335 1410 381 is
1457 335 1608 383 codex
1653 335 1848 384 charta-

167 427 295 474 ceus,
353 410 539 458 saeculi
585 409 725 472 XIV,
779 409 1014 457 foliorum
1064 410 1190 471 195,
1245 424 1479 458 versuum
1530 411 1595 456 32
1651 411 1852 471 praeter

165 485 451 533 Palladium
492 483 714 532 continet
754 475 1074 548 Senecae(‘?)
1113 482 1298 530 librum
1330 483 1388 530 de
1423 484 1662 544 quattuor
1691 483 1849 531 virtu-

167 559 303 606 tibus
343 557 692 620 cardinalibus,
731 557 942 605 Honorii
982 556 1371 620 Cosmographia
1412 556 1642 620 imaginis
1674 556 1850 604 mundi

167 633 367 694 aliaque
400 632 578 679 multa.
642 647 698 678 ac
722 631 938 678 Palladii
964 646 1087 692 opus
1119 631 1306 693 legitur
1336 630 1388 677 in
1419 630 1553 678 foliis
1580 632 1850 679 92—166.

165 707 296 754 hunc
347 706 565 753 codicem
614 705 719 767 ipse
774 705 1024 753 mensibus
1080 704 1248 768 aprili,
1303 704 1456 767 maio,
1511 704 1671 768 iunio,
1725 704 1850 752 iulio

170 780 288 828 anni
331 782 469 828 1889
511 779 826 842 Wirceburgi
865 779 1067 827 contuli.

274 853 672 902 Vindobonensis
697 853 909 915 denique
935 853 1098 916 codex,
1132 852 1190 900 de
1218 868 1315 914 quo
1343 852 1668 900 Schneiderus
1699 852 1851 900 disse-

163 921 281 992 11132,
345 932 419 976 est
472 928 624 991 idem,
681 944 828 989 quem
878 920 1236 974 Endlicherus3
1290 926 1380 974 sub
1435 943 1640 974 numero
1690 925 1853 974 CVIII

164 1003 355 1064 profert
401 1018 555 1050 manu
602 1002 863 1064 scriptum,
920 1001 1257 1063 chartaceum,
1314 1001 1500 1049 saeculi
1538 1000 1650 1063 XV,
1705 1000 1852 1048 folio-

161 1093 276 1123 rum
326 1078 452 1139 205,
514 1076 702 1124 formae
764 1091 920 1137 paene
977 1075 1265 1136 quadratae.
1349 1075 1392 1122 is
1446 1075 1497 1122 in
1551 1074 1855 1123 bibliotheca.

166 1150 330 1198 aulica
369 1150 692 1198 Vindobonae
742 1150 831 1197 sub
879 1165 1084 1197 numero
1128 1150 1269 1196 3198
1312 1149 1617 1198 adservatur.
1696 1147 1853 1196 conti-

165 1228 252 1272 net
299 1225 493 1272 diversa
549 1224 846 1285 scriptorum
893 1223 1189 1271 Latinorum
1243 1225 1497 1286 poemata,
1550 1224 1609 1269 ut
1650 1221 1854 1286 Catulli,

164 1299 403 1361 Petronii,
444 1298 645 1361 Tibulli,
687 1296 867 1360 Ovidii,
907 1297 1180 1360 Lactantii,
1219 1297 1506 1360 Fortunati,
1546 1295 1854 1359 Hieronymi,

170 1372 463 1436 Claudiani,
527 1372 805 1434 Marsupini
860 1371 1197 1433 aliorumque,
1259 1370 1311 1418 in
1375 1371 1555 1433 quibus
1617 1371 1708 1418 sub
1763 1386 1855 1417 nu-

167 1464 303 1495 mero
329 1443 450 1494 XIX
485 1463 514 1494 a
553 1447 674 1495 folio
713 1448 814 1495 183
859 1446 920 1492 ad
956 1448 1057 1493 186
1100 1445 1369 1492 Palladii
1408 1445 1630 1492 Rutilii
1671 1443 1856 1492 Tauri

170 1522 237 1569 de
271 1521 570 1570 Insitione
602 1520 780 1568 Liber
811 1520 1009 1583 legitur.
1056 1520 1187 1567 hunc
1213 1519 1318 1580 ipse
1342 1519 1664 1567 Vindobonae
1689 1533 1857 1566 mense

171 1596 354 1644 martio
389 1596 505 1643 anni
535 1597 672 1643 1875
709 1594 911 1643 contuli.
968 1594 1147 1642 desunt
1178 1594 1387 1657 triginta
1421 1595 1662 1655 quattuor
1684 1606 1859 1641 versus

170 1670 359 1732 priores
393 1686 506 1718 cum
538 1669 750 1731 epistola
781 1668 996 1716 Palladii
1029 1668 1092 1716 ad
1122 1667 1434 1729 Pasiphilum
1470 1667 1678 1715 carmini
1715 1682 1859 1728 prae·

168 1760 333 1792 missa.

279 1819 356 1865 Ex
393 1818 471 1866 his
497 1809 665 1881 ‘igitur
697 1816 960 1879 codicibus,
1003 1832 1214 1877 quorum
1253 1832 1352 1864 non
1391 1815 1464 1862 ita
1495 1831 1734 1879 magnum
1765 1830 1859 1861 nu-

166 1909 361 1940 merum
415 1893 516 1939 iam
565 1891 831 1954 Gesnerus,
889 1905 1056 1939 omnes
1109 1890 1211 1937 fere
1268 1889 1594 1938 Schneiderus
1649 1904 1859 1938 comme-

169 1967 398 2029 moravit,
438 1965 643 2028 plurimi
684 1968 774 2012 aut
812 1965 956 2026 parvi
996 1967 1086 2011 aut
1124 1964 1328 2011 mullius
1369 1966 1486 2011 sunt
1523 1963 1763 2022 momenti
1795 1962 1861 2010 ad

168 2041 416 2088 rationem
464 2040 707 2102 criticam,
758 2039 877 2101 quia
922 2039 1101 2086 horum
1147 2038 1381 2086 lectiones
1429 2040 1519 2085 aut
1566 2037 1768 2085 minime
1806 2036 1860 2083 in

172 2115 394 2162 medium
424 2115 649 2176 prolatae
684 2116 814 2176 sunt,
854 2115 914 2160 ut
953 2112 1176 2160 codicum
1207 2112 1404 2175 Wassii,
1437 2110 1862 2174 Vratislaviensis,

172 2189 270 2237 Iac.
314 2188 572 2250 Gronovii,
629 2190 718 2234 aut
774 2204 802 2234 a
856 2186 1151 2235 coniecturis
1200 2186 1445 2234 editorum
1500 2185 1710 2233 discerni
1760 2200 1861 2232 non

177 2265 401 2326 possunt,
441 2265 501 2310 ut
530 2262 760 2310 editionis
792 2260 1131 2323 Iensonianae,
1171 2259 1511 2321 Louaniensis,
1554 2258 1863 2307 Coloniensis

179 2333 428 2401 (codicum
466 2330 659 2402 Ulitii),
710 2334 1150 2396 Commelinianae,
1197 2334 1436 2383 versionis
1483 2333 1733 2396 Bastiani,
1782 2348 1862 2381 co-

176 2412 343 2459 dicum
390 2411 708 2459 Pontederae.
789 2408 985 2456 Barthii
1042 2410 1209 2456 autem
1255 2407 1401 2456 fidem
1449 2408 1569 2454 satis
1620 2407 1863 2454 incertam

175 2501 278 2534 esse
318 2486 449 2532 inter
489 2500 656 2533 omnes
697 2484 866 2531 doctos
907 2484 1115 2530 constat.
1195 2484 1248 2529 at
1295 2481 1473 2531 codicis
1513 2479 1866 2544 Lugdunensis

176 2560 413 2608 lectiones
469 2575 567 2607 non
621 2558 763 2620 parvi
820 2557 1154 2604 aestimandas
1211 2571 1313 2604 esse
1368 2557 1469 2603 iam
1516 2572 1573 2603 ex
1620 2569 1862 2602 consensu

177 2634 216 2681 I.
255 2634 310 2681 F.
353 2633 590 2682 Gronovii
630 2634 679 2680 et
719 2630 984 2693 Perizonii,
1025 2631 1112 2692 qui
1149 2631 1280 2678 huno
1320 2630 1503 2677 librum
1544 2629 1865 2678 contulerunt

303 2824 323 2861 1
373 2817 565 2861 Gesneri
608 2817 752 2873 piffaef
787 2816 933 2870 XXX,
981 2814 1251 2859 Schneideri
1293 2817 1402 2858 tom.
1436 2814 1499 2857 HI
1540 2812 1686 2871 praef.
1718 2811 1771 2855 X.
1800 2836 1864 2847 ·-

181 2883 206 2921 2
240 2877 368 2921 Tom.
401 2877 462 2919 III
495 2879 638 2933 praef.
665 2876 760 2919 XV
795 2902 852 2908 --
887 2882 911 2917 3
946 2874 1142 2931 Catalog
1146 2889 1197 2917 us
1225 2873 1445 2917 Codicum
1459 2830 1864 2938 *philologicorum

185 2936 457 2980 Latinorum
489 2935 811 2979 Bibliothecae
844 2933 1088 2978 Palatinae
1112 2891 1506 2989 Vindobonensiss,
1542 2935 1668 2975 1836.
