2014 3169
197 113 269 164 64
896 114 1175 157 PALLADH

198 253 447 301 cauerna,
488 253 583 302 per
624 253 785 303 quam
823 235 1045 287 noxium
1085 236 1308 287 desudet
1346 255 1604 299 umorem,
1643 236 1730 288 uel
1769 255 1876 289 me-

198 309 315 360 dius
356 312 579 360 truncus
619 309 922 360 terebretur
965 312 1019 361 et
1060 327 1256 361 cuneus
1296 308 1433 378 ligni
1473 310 1629 362 melle
1670 309 1874 362 oblitus

198 383 521 450 inprimatur
574 383 661 433 uel
717 383 763 433 si
818 383 960 434 circa
1013 384 1218 435 radices
1268 383 1488 435 suillum
1535 388 1741 436 stercus
1790 385 1876 436 ad-

115 458 180 509 12
199 455 408 508 fundas
473 456 759 525 amygdala
796 457 862 507 ad
892 457 1180 525 legendum
1214 457 1586 509 maturitatem
1615 457 1874 526 fatentur,

199 548 320 582 cum
360 530 561 581 fuerint
597 530 831 598 spoliata
864 531 1173 583 corticibus,
1235 531 1367 583 haec
1400 530 1513 583 8100
1547 550 1674 584 cura
1704 531 1875 584 homi-

197 603 282 655 nis
325 607 609 656 seruantur
647 604 704 655 in
742 604 980 673 longum.
1044 605 1089 657 si
1131 604 1419 656 difficulter
1459 605 1664 657 corium
1697 605 1875 657 dimit-

199 681 332 745 tent,
363 678 530 746 paleis
559 679 753 730 obruta
779 679 1033 730 continuo
1061 679 1393 730 relaxabunt.
1430 679 1563 730 item
1588 680 1875 747 decoriata,

199 752 246 802 si
295 770 433 819 aqua
481 753 688 803 marina
735 753 975 804 lauemus
1022 756 1115 804 aut
1156 752 1316 817 salsa,
1365 756 1418 803 et
1466 752 1690 805 candida
1736 754 1875 805 fiunt

199 830 254 876 et
307 826 603 893 plurimum
658 827 867 878 durant.
944 845 1125 878 mense
1181 826 1451 878 decembri
1497 827 1584 878 uel
1631 826 1874 879 ianuario

200 900 343 952 circa
383 900 502 952 idus
543 900 861 982 amygdalus
907 900 1187 967 inseritur,
1225 901 1358 952 locis
1399 919 1528 952 uero
1568 900 1782 970 frigidis
1823 904 1876 954 et

201 973 488 1027 februaiio.
563 973 608 1025 si
649 979 830 1026 tamen
871 974 1112 1026 surculos
1154 975 1394 1042 condiaS,
1434 978 1724 1042 antequam
1764 993 1879 1058 ger-

113 1048 181 1100 13
202 1047 424 1117 minent,
463 1048 624 1100 utiles
667 1052 807 1112 sunt,
848 1049 940 1116 qui
981 1049 1043 1100 de
1085 1049 1393 1101 summitate
1435 1053 1735 1101 sumuntur.
1797 1050 1879 1101 in-

201 1121 401 1173 seritur
442 1126 495 1173 et
537 1124 635 1174 sub
679 1091 876 1175 cortice
917 1125 970 1173 et
1009 1122 1066 1174 in
1106 1127 1312 1174 truncti.
1379 1123 1688 1174 inseruntur
1726 1123 1782 1175 in
1821 1142 1877 1175 se

200 1200 253 1247 et
286 1197 342 1247 in
373 1197 595 1264 persico,
651 1195 843 1248 Graeci
876 1197 1130 1248 adserunt
1161 1197 1310 1248 nasci
1345 1197 1631 1265 amygdala
1663 1197 1880 1266 scripta,

201 1271 246 1321 si
287 1274 472 1339 aperta
511 1274 654 1322 testa
691 1271 981 1323 nuculeum
1021 1289 1212 1322 sanum
1249 1271 1410 1322 tollas
1446 1274 1498 1322 et
1530 1271 1588 1322 in
1619 1290 1680 1323 eo
1717 1272 1878 1339 quod-

200 1344 334 1396 libet
382 1345 586 1397 scribas
635 1348 688 1397 et
734 1343 932 1397 iterum
978 1344 1095 1397 luto
1146 1348 1199 1396 et
1246 1345 1469 1413 porcino
1520 1348 1754 1398 stercore
1802 1346 1879 1397 in-

200 1419 448 1470 uolutum
490 1437 734 1487 reponas,

117 1495 184 1547 14
312 1491 469 1544 NVX
493 1492 831 1545 IVGLANS.
872 1492 1081 1545 Nucem
1108 1511 1345 1544 seremus
1372 1497 1611 1545 extremo
1637 1493 1879 1546 ianuario

201 1567 288 1618 uel
329 1567 614 1619 februario.
694 1572 841 1619 amat
880 1569 996 1619 loca
1037 1571 1314 1634 montana,
1356 1568 1536 1618 umida
1576 1571 1630 1619 et
1667 1567 1881 1637 frigida,

201 1641 516 1710 plerumque
558 1642 815 1710 lapidosa.
877 1645 1060 1710 potest
1096 1645 1278 1693 tamen
1311 1644 1365 1693 et
1398 1641 1531 1693 10018
1565 1641 1880 1710 temperatis

202 1715 421 1768 iuuante
469 1734 654 1768 umore
701 1715 914 1767 nutriri.
994 1715 1214 1767 serenda
1263 1718 1345 1766 est
1391 1716 1618 1767 nucibus
1667 1716 1778 1767 suis
1820 1734 1881 1768 eo

203 1808 365 1855 more,
408 1809 512 1858 quo
555 1794 609 1841 et
650 1789 937 1859 amygdala
976 1793 1242 1856 seruntur,
1282 1793 1335 1840 et
1371 1789 1560 1841 iisdem
1593 1790 1882 1842 mensibus

204 1863 249 1914 si
291 1882 422 1932 quas
463 1865 746 1916 nouembri
789 1882 969 1916 mense
1004 1864 1268 1932 disponeS,
1310 1863 1648 1932 aliquatenus
1681 1865 1738 1915 in
1771 1863 1882 1916 sole

117 1941 185 1991 15
206 1938 458 2004 siccabis,
524 1942 586 1989 ut
649 1942 903 1990 exucetur
956 1938 1179 1989 noxium
1234 1937 1381 1989 uirus
1437 1938 1655 1990 umoris.
1749 1956 1882 2007 quas

203 2031 331 2064 uero
374 2013 546 2064 mensi
585 2013 827 2064 ianuario
869 2012 956 2064 uel
996 2010 1266 2064 februario
1307 2010 1583 2080 positurus
1625 2030 1703 2079 08,
1744 2030 1885 2080 aqua

327 2209 347 2244 1
383 2201 546 2244 noxius
579 2202 743 2244 humor
776 2202 969 2245 exsudet
994 2217 1030 2257 p
1065 2205 1078 2258 Η
1118 2207 1143 2244 3
1177 2201 1216 2244 81
1247 2202 1351 2245 incl.
1385 2216 1472 2258 098·
1501 2203 1506 2257 Ι
1536 2200 1762 2245 adfundes
1799 2201 1841 2246 G-
1871 2202 1885 2249 ξε

206 2269 230 2304 (j
274 2261 517 2304 dimittant
556 2262 647 2305 SE
691 2265 704 2317 Η
752 2267 776 2304 8
820 2264 874 2304 ut
913 2262 1043 2304 cand.
1084 2262 1151 2316 Vl,
1202 2264 1284 2304 aut
1323 2261 1453 2304 cand.
1490 2261 1669 2304 V2GE
1712 2262 1726 2317 Η
1773 2266 1797 2304 9
1840 2264 1887 2304 et

204 2321 299 2363 Ian.
335 2321 453 2365 &Es
485 2323 498 2376 ΙΙ
533 2327 583 2363 11
621 2320 808 2364 condies
845 2321 900 2374 G,
935 2320 1129 2377 colligas
1163 2323 1208 2363 et
1241 2320 1411 2363 condas
1443 2323 1500 2376 811
1535 2325 1587 2362 12
1620 2319 1887 2363 inseruntur

205 2382 359 2437 iacys
405 2383 418 2435 Η
469 2385 521 2423 13
562 2380 610 2422 10
644 2379 812 2423 cortice
852 2382 891 2423 T
930 2383 934 2436 1
977 2379 1089 2423 inse.
1123 2379 1351 2436 inpersico
1388 2379 1430 2423 G
1476 2382 1489 2435 Η
1538 2385 1591 2422 14
1625 2378 1799 2422 scribta
1835 2380 1885 2437 Q,

203 2454 287 2483 om.
310 2455 344 2496 p
368 2443 381 2494 ΙΙ
409 2447 461 2483 15
494 2439 742 2483 nuculeum
775 2441 882 2494 PL,
915 2439 1129 2482 nucleum
1161 2440 1292 2482 ceteri
1319 2440 1323 2495 Ι
1354 2453 1579 2481 sananum
1608 2440 1650 2482 L
1675 2440 1688 2494 ΙΙ
1715 2444 1767 2482 16
1800 2438 1886 2482 ite-

205 2514 305 2541 rum
339 2499 546 2542 clausum
579 2499 677 2542 luto
712 2499 807 2543 723
831 2502 844 2554 Η
872 2504 924 2542 18
957 2498 1035 2540 DE
1072 2498 1351 2541 SERENDA
1382 2497 1541 2541 NVCE
1567 2499 1627 2553 E,
1659 2498 1787 2541 XVII
1819 2498 1886 2541 De

205 2572 321 2601 nuce
346 2558 561 2615 iuglandi
588 2559 644 2612 F,
672 2558 749 2600 DE
777 2558 904 2600 Nuce
929 2557 1152 2614 iuglande
1177 2559 1208 2613 i,
1234 2557 1323 2600 Tit
1351 2557 1468 2599 XV1.
1502 2557 1679 2600 Nucem
1703 2556 1887 2614 iuglan-

208 2618 314 2660 dem
355 2634 403 2665 α
446 2617 535 2661 Tit
564 2596 680 2661 XVI
729 2618 796 2660 De
835 2631 952 2660 nuce
992 2618 1040 2659 iu
1044 2617 1227 2673 glande.
1292 2616 1469 2659 Nucem
1509 2616 1817 2682 [iuglandem]
1850 2632 1885 2670 0,

208 2677 316 2733 [Tit
345 2666 482 2734 XVI]
523 2677 701 2720 Nucem
741 2634 1074 2734 [iuglandem]g
1081 2692 1138 2733 93
1168 2679 1181 2732 Η
1215 2681 1268 2718 19
1305 2675 1380 2718 uel
1412 2675 1663 2719 Februario
1697 2690 1777 2719 om.
1808 2690 1842 2731 p
1876 2676 1892 2734 ΙΙ

208 2740 261 2777 ’2
304 2741 351 2779 et
383 2743 486 2780 ante
521 2736 770 2792 amygdala
803 2751 883 2780 om.
919 2737 984 2790 Ε,
1019 2737 1122 2779 incl.
1156 2752 1176 2779 8·
1205 2736 1210 2786 Ι
1246 2734 1427 2777 hisdem
1459 2735 1706 2792 PQVGi,
1739 2734 1889 2778 isdem

208 2796 296 2838 1Λὸ
309 2796 405 2839 TI
424 2798 437 2851 Η
463 2802 517 2838 23
560 2796 640 2839 sed
681 2810 795 2851 quas
835 2796 1078 2852 TGacys,
1121 2787 1244 2846 Quas
1271 2809 1306 2849 p
1334 2797 1338 2850 Ι
1367 2808 1522 2837 mense
1554 2793 1795 2837 nouembri
1827 2795 1887 2849 E,

206 2868 363 2897 mense
397 2870 477 2898 om.
507 2855 541 2899 S
552 2857 625 2910 Tp
653 2857 657 2911 Ι
688 2854 893 2911 disponis
927 2868 1074 2898 onmes
1106 2857 1213 2910 {1'24
1247 2857 1467 2896 exucetur
1499 2855 1591 2897 PL
1607 2853 1711 2911 QF,
1753 2866 1889 2896 exue-

207 2917 283 2955 ’tur
324 2915 373 2969 V,
409 2917 605 2957 exuatur
636 2915 737 2967 SE,
773 2913 1005 2957 exiccetur
1037 2913 1328 2969 (exsiccetur)
1361 2914 1492 2957 ceteri

1902 926 1944 957 10

1903 1296 1945 1328 15

1906 1666 1949 1697 20

1908 2035 1951 2068 25
