2072 3145
858 141 1050 186 AGRIC.
1076 141 1142 184 ΠΙ
1166 145 1220 184 25
1774 138 1876 191 101

201 267 341 319 sicca
381 269 436 317 et
475 284 638 317 manu
677 265 818 317 lecta
855 264 991 316 hora
1031 281 1060 314 a
1094 262 1326 314 secunda
1361 259 1418 312 in
1451 260 1697 328 quintam
1727 260 1816 311 uel
1850 278 1880 310 a

201 340 431 408 septima
481 339 536 391 in
585 339 848 391 decimam
896 356 927 389 a
974 336 1185 389 caducis
1234 335 1522 404 diligenter
1577 334 1748 386 electa
1800 333 1878 384 in-

200 418 356 483 tegra
412 416 466 465 et
519 432 686 482 prope
743 413 874 464 dura
928 413 981 463 et
1029 409 1306 478 aliquanto
1354 408 1550 460 uiridia
1594 408 1651 459 in
1696 406 1879 475 picato

200 506 329 540 uase
371 487 706 553 clauduntur,
747 486 887 554 quod
929 485 1180 553 operculo
1212 483 1418 552 tegitur
1451 486 1503 534 et
1535 482 1784 534 deorsum
1818 498 1878 532 os

158 582 177 614 5
202 562 316 614 eius
358 561 650 613 inclinatur
691 564 851 629 atque
894 558 1140 611 obruitur
1178 558 1235 609 in
1275 575 1336 609 eo
1373 557 1507 624 1000,
1549 556 1690 608 circa
1723 572 1883 623 quem

199 635 450 704 perennis
492 653 629 702 aqua
669 633 919 686 decurrit.
982 632 1112 684 item
1146 649 1279 699 quae
1313 631 1445 682 dura
1478 633 1603 681 sunt
1633 630 1690 680 in
1723 646 1881 681 carne
1936 627 1969 679 9

202 713 255 761 et
296 712 433 776 cute,
472 709 621 777 prius
663 708 720 760 in
761 725 952 760 aceruo
993 706 1189 774 posita,
1226 705 1320 756 ubi
1361 723 1415 755 se
1457 704 1666 756 mollire
1701 720 1883 770 coepe-

201 786 342 851 runt,
382 783 440 834 in
479 801 575 834 uas
614 782 781 834 fictile
814 782 948 833 bene
984 783 1197 832 coctum
1228 779 1575 847 picatumque
1607 781 1884 846 ponuntur

202 861 256 909 et
289 857 541 925 operculo
575 856 984 925 superueniente
1018 856 1331 924 gypsantur.
1394 870 1491 904 uas
1517 852 1667 903 breui
1695 851 1884 903 scrobe

136 952 179 982 10
204 932 535 1000 demergitur
574 930 630 982 in
671 949 731 982 eo
764 930 900 996 loc0‚
941 928 1034 996 qui
1067 927 1262 980 cotidie
1297 926 1407 978 sole
1442 929 1713 994 tangatur.
1773 924 1887 993 plu-

203 1005 328 1056 rimi
367 1004 485 1073 pira
526 1004 722 1056 obruta
760 1003 902 1055 inter
940 1002 1121 1070 paleas
1156 1005 1249 1053 aut
1280 1000 1552 1052 frumenta
1586 1001 1885 1051 seruarunt.

204 1078 297 1130 alii
329 1079 518 1130 statim
550 1079 691 1130 lecta
725 1096 846 1130 cum
880 1076 1159 1128 tenacibus
1194 1075 1304 1127 suis
1338 1073 1532 1143 picatis
1564 1074 1737 1125 urceis
1768 1090 1888 1124 con-

205 1153 454 1204 diderunt
495 1156 547 1204 et
588 1152 771 1204 oribus
812 1150 1156 1203 uasculorum
1195 1167 1366 1218 gypso
1407 1148 1494 1200 uel
1535 1148 1651 1215 pice
1690 1146 1886 1199 clausis

203 1226 323 1295 ipsa
381 1226 478 1278 sub
536 1226 659 1277 diuo
719 1226 914 1278 obruta
965 1225 1222 1276 sabulone
1270 1225 1534 1274 texerunt.
1616 1221 1709 1273 alii
1756 1220 1889 1288 pira,

139 1321 181 1353 15
208 1319 343 1368 quae
385 1319 439 1352 se
480 1319 590 1352 non
633 1300 1031 1369 contingerent,
1079 1299 1134 1349 in
1184 1297 1338 1348 melle
1380 1298 1677 1348 seruarunt.
1755 1295 1888 1346 item

207 1375 327 1441 pira
366 1374 540 1425 diuisa
573 1377 626 1425 et
658 1376 889 1442 purgata
922 1372 1105 1440 granis
1138 1370 1195 1422 in
1228 1371 1339 1422 sole
1374 1372 1657 1423 siccantur.
1721 1369 1888 1436 aliqui
1910 1365 1977 1419 10

206 1466 399 1517 aquam
441 1448 662 1514 salsam,
703 1465 823 1499 cum
865 1446 1103 1514 coeperit
1142 1446 1342 1497 undare
1378 1443 1662 1511 calefacta,
1703 1443 1890 1511 despu-

206 1526 357 1573 mant
406 1525 459 1574 et
506 1522 554 1573 ei
600 1525 725 1590 post
771 1521 882 1572 iam
930 1520 1159 1588 frigidae
1208 1520 1326 1587 pira
1381 1518 1643 1570 seruanda
1691 1518 1890 1569 demer-

209 1600 356 1666 gunt.
435 1599 562 1648 tunc
612 1599 860 1663 exempta
907 1598 1033 1662 post
1082 1597 1296 1661 tempus
1347 1592 1600 1662 exiguum
1654 1591 1891 1644 condunt

142 1691 184 1722 20
208 1688 367 1722 urceo
410 1673 463 1722 et
504 1670 617 1721 eius
657 1670 757 1721 lito
800 1687 890 1721 ore
933 1671 1256 1720 conseruant
1296 1667 1381 1718 uel
1421 1669 1579 1718 nocte
1622 1669 1675 1716 et
1716 1665 1798 1716 die
1835 1664 1892 1715 in

208 1743 406 1812 frigida
454 1744 598 1795 salsa
646 1761 860 1795 manere
913 1743 1218 1810 patiuntur,
1275 1743 1399 1808 post
1452 1740 1509 1791 in
1565 1757 1704 1807 aqua
1758 1756 1894 1806 pura

209 1817 373 1870 biduo
420 1821 715 1884 macerant,
764 1817 950 1868 deinde
998 1815 1055 1866 in
1104 1834 1233 1882 sapa
1280 1815 1367 1866 uel
1414 1831 1574 1882 passo
1621 1812 1710 1865 uel
1750 1812 1893 1864 dulci

209 1893 336 1943 uino
380 1910 555 1943 mersa
596 1891 923 1943 custodiunt.

318 1964 567 2017 VINVM
599 1964 752 2016 PIRI
784 1964 878 2016 ET
911 1961 1230 2016 AOETVM.
1294 1962 1496 2013 Vinum
1538 1961 1599 2012 de
1640 1959 1773 2028 piris
1814 1957 1978 2027 fit-,11

144 2059 185 2092 25
212 2038 256 2091 si
298 2042 524 2092 contusa
565 2043 619 2090 et
659 2056 812 2090 sacco
854 2037 1130 2089 rarissimo
1169 2036 1383 2089 condita
1414 2035 1742 2104 ponderibus
1776 2051 1894 2086 con-

332 2234 353 2271 1
398 2229 455 2271 ab
488 2229 604 2272 hora
637 2241 722 2270 sec.
755 2228 937 2284 Ecccys
965 2228 970 2283 Ι
998 2239 1144 2281 usque
1180 2225 1230 2268 in
1260 2227 1302 2269 L
1327 2227 1341 2281 ΙΙ
1366 2230 1390 2268 3
1423 2223 1646 2280 impicato
1679 2225 1722 2267 L
1745 2225 1759 2278 ΙΙ
1784 2229 1811 2266 4
1844 2237 1893 2265 os

213 2302 294 2332 om.
321 2289 371 2331 E
414 2290 427 2343 ΙΙ
476 2293 499 2331 5
531 2287 775 2330 inclitatur
807 2288 871 2341 L7
911 2285 1137 2328 inlinatur
1173 2286 1214 2329 G
1256 2287 1261 2341 Ι
1305 2287 1446 2339 atque
1486 2282 1618 2326 breui
1659 2282 1819 2325 scrobe
1851 2298 1895 2337 (ι,

214 2349 354 2402 atque
395 2347 547 2404 [breui
587 2346 767 2403 scrobe]
801 2360 886 2402 cys
932 2347 946 2401 ΙΙ
996 2350 1017 2387 7
1059 2347 1105 2388 et
1143 2343 1193 2386 in
1225 2346 1330 2387 cute
1362 2344 1453 2387 SE
1500 2344 1505 2398 Ι
1557 2343 1807 2397 coeperunt
1839 2342 1893 2395 P,

215 2408 436 2462 ceperunt
468 2407 525 2461 F,
559 2404 797 2461 coeperint
829 2403 1069 2460 (ceperint)
1103 2405 1234 2448 ceteri
1264 2406 1278 2459 ΙΙ
1317 2408 1342 2446 8
1375 2403 1494 2446 bene
1528 2402 1710 2444 coctum
1742 2414 1824 2443 om.
1846 2414 1895 2455 p,

211 2464 316 2508 lene
349 2467 531 2508 coctum
563 2466 580 2508 i
603 2467 616 2521 ΙΙ
642 2471 666 2507 9
700 2463 945 2520 gipsantur
975 2465 1015 2506 T
1037 2464 1042 2519 Ι
1071 2461 1516 2517 uas——demergitur
1540 2475 1621 2503 om.
1639 2474 1687 2515 p,
1720 2457 1897 2515 tegitur

207 2537 294 2579 pro
329 2523 611 2581 demergitur
642 2525 659 2566 27
683 2525 696 2579 ΙΙ
723 2528 776 2566 10
808 2524 1067 2579 tanguatur
1098 2523 1147 2565 E
1168 2524 1182 2578 ΙΙ
1208 2527 1260 2564 11
1297 2535 1355 2564 au
1393 2521 1433 2564 G
1457 2523 1470 2576 ΙΙ
1505 2525 1558 2562 12
1593 2533 1695 2562 cum
1726 2517 1896 2561 radici-

213 2583 300 2625 bus
334 2583 428 2625 suis
460 2584 510 2625 E
531 2585 545 2639 ΙΙ
571 2588 624 2625 13
658 2582 791 2639 gipso
830 2584 902 2637 ΤΙΙ
931 2587 983 2624 14
1015 2584 1208 2624 exerunt
1243 2581 1280 2637 Q
1302 2583 1316 2636 ΙΙ
1351 2585 1404 2623 16
1439 2578 1708 2634 aliqui—et
1740 2576 1814 2619 die
1845 2575 1896 2618 in

215 2656 295 2686 om.
317 2657 352 2697 p
375 2644 389 2697 ΙΙ
416 2646 468 2685 17
503 2642 699 2684 salmam
724 2640 868 2696 PLQ
895 2642 900 2696 Ι
930 2640 1219 2684 calefactam.
1269 2654 1373 2682 cum
1406 2637 1582 2694 ceperit
1605 2636 1781 2679 undare
1810 2635 1852 2679 G'·
1887 2635 1892 2693 Ι

217 2700 486 2757 dispumant
517 2715 664 2744 onmes
691 2706 873 2756 praeter
905 2700 1027 2744 VGs
1051 2702 1065 2756 ΙΙ
1097 2704 1151 2742 20
1189 2712 1265 2742 ore
1296 2698 1382 2742 lito
1420 2698 1556 2754 chs
1580 2699 1594 2753 ΙΙ
1620 2700 1671 2738 21
1706 2708 1897 2737 manare

216 2760 361 2816 PLQ
411 2764 415 2814 Ι
465 2759 799 2815 permittuntur
837 2758 964 2815 prius
1003 2758 1053 2800 in
1094 2771 1216 2813 aqua
1241 2773 1277 2813 p
1328 2759 1332 2814 Ι
1384 2757 1500 2799 dura
1532 2769 1619 2811 pro
1657 2768 1774 2810 pura
1810 2753 1852 2797 G
1883 2754 1898 2811 Ι

217 2824 271 2862 22
304 2819 438 2862 bidui
455 2819 599 2875 PLQ
616 2819 667 2871 V,
698 2818 894 2861 biduum
911 2818 1013 2872 SE,
1046 2817 1188 2860 biduo
1213 2819 1378 2873 postea
1401 2815 1450 2858 in
1476 2814 1601 2857 dulci
1619 2828 1655 2869 p
1678 2815 1692 2869 ΙΙ
1716 2817 1772 2855 23
1805 2826 1896 2855 ser-

216 2880 329 2921 uata
354 2893 440 2934 pro
471 2891 622 2921 mersa
645 2878 695 2920 E
721 2879 725 2935 Ι
755 2876 1079 2920 custodiuntur
1103 2891 1140 2932 p
1163 2878 1177 2932 ΙΙ
1203 2881 1257 2918 24
1288 2874 1490 2919 VINVM
1522 2873 1600 2916 DE
1633 2871 1786 2915 PIRIS
1812 2872 1861 2914 E
1887 2871 1893 2929 Ι

216 2937 294 2980 ΕΤ
325 2936 608 2981 ACOCTUM
644 2937 697 2990 G,
731 2951 812 2980 om.
840 2937 889 2978 E
910 2938 923 2992 ΙΙ
949 2941 1003 2979 25
1037 2935 1252 2992 operibus
1284 2936 1327 2978 L
