2014 3169
183 134 252 184 72
881 132 1164 177 PALLADII

203 253 447 306 XXVIII
501 253 583 306 De
623 254 735 306 uite
775 254 1028 306 theriaca.

181 327 451 380 XXVIIII
501 327 582 379 De
622 346 728 378 uua
770 327 882 379 sine
924 329 1120 397 granis.

294 400 448 453 XXX
503 401 584 452 De
624 402 737 453 uite
777 402 939 453 nimis
979 403 1278 455 lacrimosa.

267 474 450 526 XXXI
504 473 749 543 Myrtitis
791 475 897 527 alia
937 476 1201 529 confectio
1245 477 1534 529 secundum
1577 475 1822 530 Graecos,

244 547 450 600 XXXII
505 548 582 599 Vt
620 553 944 618 propomata
985 554 1175 618 sponte
1216 553 1518 603 nascantur.
1912 573 1931 605 5

210 621 452 675 XXXIII
507 621 585 674 Vt
623 624 754 675 uitis
794 623 1089 692 botryones
1130 625 1310 676 uarios
1351 626 1503 676 ferat.

184 695 454 748 XXXIIII
508 695 588 749 De
629 697 792 749 horis,

293 1171 393 1223 DE
436 1170 698 1223 PRATIS
744 1169 1162 1224 SERVANDIS
1205 1172 1297 1224 ET
1338 1170 1775 1224 LAETAMINE

789 1259 1272 1313 SATVRANDIS.

151 1364 179 1416 I
309 1365 430 1418 Hoc
471 1383 653 1418 mense
695 1364 828 1416 Iocis
870 1365 1187 1433 temperatis
1221 1369 1378 1433 prata
1409 1366 1668 1435 incipient
1701 1371 1875 1420 custo·
1902 1389 1944 1420 10

195 1439 320 1503 diri,
382 1458 515 1509 quae
570 1438 741 1508 prius,
799 1439 844 1490 si
900 1457 1079 1491 macra
1136 1443 1283 1508 sunt,
1347 1458 1533 1508 sparso
1588 1440 1874 1494 laetamine

195 1518 523 1581 saturentur,
559 1514 699 1582 quod
725 1513 1031 1564 eiciendum
1066 1518 1149 1566 est
1180 1514 1308 1566 luna
1333 1518 1617 1567 crescente.
1674 1520 1875 1583 quanto

191 1587 459 1640 recentius
501 1588 686 1654 fuerit,
735 1591 889 1639 tanto
930 1586 1051 1655 plus
1091 1589 1392 1640 nutriendis
1434 1587 1614 1641 herbis
1654 1590 1876 1658 ualebit,

193 1663 336 1730 quod
385 1682 415 1714 a
464 1661 727 1730 superiori
774 1665 928 1729 parte
977 1661 1256 1730 fundatur,
1305 1668 1365 1714 ut
1414 1681 1571 1715 sucus
1621 1663 1732 1715 eius
1780 1681 1876 1732 per

191 1741 370 1789 totum
410 1737 584 1805 possit
625 1735 781 1787 elabi.
1901 1758 1942 1790 15

458 1928 556 1981 DE
598 1927 1191 1981 PROSGINDENDIS
1235 1926 1620 2000 COLLIBVS.!

139 2033 197 2085 II
312 2031 468 2085 Locis
525 2032 720 2100 tepidis
770 2035 863 2083 aut
911 2033 957 2084 si
1012 2036 1223 2100 tempus
1280 2033 1510 2085 clemens
1568 2037 1622 2086 et
1677 2035 1878 2087 siccum

198 2106 386 2174 fuerit,
428 2105 590 2159 colles
629 2106 858 2175 pingues
899 2107 984 2158 uel
1025 2107 1129 2159 hoc
1169 2125 1349 2159 mense
1389 2108 1686 2176 proscinde.

552 2297 650 2350 DE
696 2297 960 2350 SATION
964 2298 1010 2351 E
1051 2298 1522 2352 TRIMENSTRI.

112 2403 196 2455 III
311 2402 431 2455 Hoc
472 2420 655 2454 mense
697 2402 980 2454 serendum
1022 2421 1177 2455 omne
1219 2403 1612 2455 trimenstrium
1651 2421 1837 2473 genus,
1905 2425 1951 2457 20

317 2585 337 2621 1
373 2579 440 2621 De
466 2577 667 2621 thiriaca
692 2578 788 2621 uite
815 2579 874 2631 E,
908 2578 1122 2633 1115111163-
1146 2582 1199 2623 ia
1226 2582 1240 2635 ΙΙ
1263 2584 1290 2621 4
1322 2578 1361 2620 D
1389 2582 1587 2635 (ras-ura)
1615 2579 1792 2623 mirteti
1816 2579 1877 2634 E,

193 2637 275 2680 DE
309 2638 525 2693 Myrtinis
559 2639 589 2690 i,
623 2637 689 2680 De
722 2637 928 2693 myrtitis
962 2654 987 2680 (ι
1014 2641 1027 2694 Η
1053 2645 1076 2681 6
1111 2639 1349 2682 botriones
1383 2640 1506 2682 codd.
1544 2641 1558 2694 ΙΙ
1601 2643 1623 2681 7
1657 2637 1878 2682 MENSIS

194 2696 579 2740 FEBRVARIVS
622 2698 800 2740 addunt
840 2698 1010 2740 codices
1049 2704 1088 2741 et
1127 2700 1164 2751 i,
1216 2699 1270 2741 de
1318 2711 1474 2740 mense
1521 2697 1755 2741 februario
1787 2697 1838 2740 E
1864 2697 1882 2754 ΙΙ

198 2762 252 2800 10
278 2756 531 2799 Februario
556 2769 712 2799 mense
739 2771 866 2813 (1095-
890 2759 903 2811 Η
930 2761 982 2798 14
1018 2757 1250 2813 superiore
1280 2758 1319 2799 (ι’
1350 2761 1354 2811 ξ
1383 2757 1604 2800 fundetur
1627 2773 1656 2801 a
1678 2759 1693 2812 ΙΙ
1720 2761 1772 2799 16
1797 2755 1879 2798 DE

198 2815 457 2859 SATIONE
506 2815 879 2858 TRIMENSTRI
924 2816 964 2859 G
1011 2819 1024 2870 Η
1081 2816 1382 2863 17,6161116115
1437 2820 1619 2872 tempus
1666 2817 1820 2872 iacqs
1865 2815 1882 2873 ΙΙ

199 2879 253 2917 18
287 2874 362 2917 uel
395 2889 475 2918 om.
505 2890 539 2930 p
564 2878 577 2928 11
605 2879 656 2916 19
690 2874 1398 2919 DESERENDALENTICULA
1433 2877 1472 2919 (1'
1497 2878 1510 2932 ΙΙ
1537 2880 1590 2918 20
1623 2873 1723 2918 triti
1754 2887 1882 2917 men-

197 2933 359 2977 strium
396 2935 458 2988 L,
491 2933 722 2976 trimestre
755 2935 804 2976 E
