2072 3145
772 145 967 190 AGRIC.
991 146 1056 189 VI
1080 150 1223 189 9—13
1731 144 1834 196 167

156 275 262 337 tur,
292 269 530 338 bipedaS,
564 286 698 336 quae
723 286 819 336 per
844 266 1025 320 omnia
1047 267 1221 319 latera
1247 266 1573 319 canaliculos
1597 266 1835 318 habeant

157 343 430 413 digitales,
476 342 782 410 iungemuS‚
829 342 909 393 ita
953 345 1014 392 ut
1062 340 1204 393 calce
1251 340 1380 392 uiua
1426 359 1491 392 ex
1539 340 1656 391 olco
1706 343 1836 391 tem-

155 420 344 485 perata
390 416 707 484 bipedarum
755 415 989 484 canaleS,
1044 414 1136 482 qui
1190 415 1332 466 inter
1381 433 1435 466 se
1485 414 1834 466 connectendi

163 494 305 558 sunt,
352 490 661 558 inpleantur
708 492 760 541 et
808 507 991 540 earum
1040 487 1414 540 coniunctione
1462 488 1627 539 rudus
1678 506 1834 539 omne

115 586 136 618 5
163 563 514 633 cooperiatur.
574 582 700 615 nam
742 564 942 615 siccata
975 562 1148 614 omnis
1182 562 1410 614 materia
1441 581 1608 614 unum
1642 580 1834 630 corpus

161 636 356 691 efficiet
396 641 450 690 et
489 637 698 689 nullum
731 636 1069 688 transmittet
1099 654 1358 688 umorem.
1416 639 1605 704 postea
1637 653 1730 687 sex
1762 635 1834 687 di·
1875 638 1908 689 3

160 711 395 780 gitorum
436 711 723 763 testacium
757 710 1200 778 superfundemus
1237 710 1631 778 etfrequenter
1661 709 1834 778 uirgis

159 785 585 854 uerberabimuS,
623 804 689 837 ne
730 785 881 836 rimis
922 783 1098 852 possit
1137 784 1348 852 aperiri.
1420 788 1547 835 tunc
1587 783 1833 836 tessellas

159 858 377 912 latiores
440 860 526 911 uel
588 859 816 910 tabellas
881 859 1296 926 qualescumque
1360 876 1686 910 marmoreas
1742 861 1836 909 aut

93 956 134 987 ιο
158 933 381 1001 paginas
420 932 772 1001 inprimemus
815 935 868 984 et
907 933 1046 984 hanc
1079 932 1536 984 constructionem
1570 950 1653 983 res
1685 932 1836 984 nulla

158 1005 391 1059 uitiabit.

493 1125 590 1177 DE
632 1123 1043 1176 LATERIBVS
1085 1122 1494 1177 FACIENDIS.

264 1227 385 1281 Hoc
431 1248 609 1281 mense
657 1228 850 1280 lateres
892 1229 1122 1281 faciendi
1162 1232 1288 1280 sunt
1327 1246 1392 1280 ex
1430 1231 1575 1279 terra.
1615 1227 1737 1279 alba
1813 1226 1923 1281 XII

154 1302 242 1353 uel
282 1306 429 1354 creta
467 1303 551 1355 uel
592 1302 819 1354 rubrica.
895 1321 1021 1354 nam
1064 1302 1156 1370 qui
1196 1305 1400 1354 aestate
1441 1302 1600 1368 fiunt,
1650 1302 1835 1353 celeri-

89 1399 129 1431 15
155 1378 268 1427 tate
307 1376 536 1429 feruoris
576 1377 631 1427 in
672 1395 882 1429 summa
923 1379 1042 1428 cute
1085 1376 1355 1429 siccantur
1387 1375 1614 1427 interius
1647 1394 1834 1427 umore

156 1453 393 1502 seruato:
446 1468 577 1519 quae
624 1468 708 1501 res
759 1450 1007 1502 scissuris
1056 1469 1146 1502 eos
1193 1449 1357 1502 faciet
1406 1448 1617 1518 aperiri.
1696 1449 1835 1501 fiunt

156 1527 337 1575 autem
385 1524 476 1577 sic.
553 1527 695 1576 terra
744 1527 890 1576 creta
930 1524 1217 1594 diligenter
1257 1527 1311 1575 et
1352 1523 1499 1575 omni
1539 1523 1832 1591 asperitate

154 1601 388 1666 purgata
435 1598 605 1650 mixta
654 1616 774 1650 cum
820 1599 989 1666 paleis
1037 1599 1128 1650 diu
1176 1597 1537 1650 macerabitur
1585 1600 1639 1649 et
1686 1597 1834 1649 intra

153 1671 384 1723 formam
430 1673 589 1724 lateri
638 1671 868 1724 similem
915 1671 1253 1740 reprimetur.
1331 1676 1459 1723 tunc
1517 1671 1582 1723 ad
1635 1670 1834 1723 siccan-

84 1768 128 1799 20
154 1745 279 1797 dum
340 1745 529 1798 relicta
589 1746 811 1797 subinde
866 1747 1173 1798 uersabitur
1228 1746 1294 1797 ad
1350 1744 1478 1797 solis
1537 1748 1832 1813 aspectum.

152 1818 262 1871 sint
308 1838 436 1872 uero
485 1821 681 1872 lateres
729 1820 1067 1889 longitudine
1109 1820 1304 1888 pedum
1345 1820 1595 1886 duorum,
1643 1818 1832 1870 latitu-

152 1893 273 1945 dine
315 1895 472 1945 unius
482 1936 496 1962 7
536 1893 822 1945 altitudine
865 1896 1122 1961 quattuor
1161 1892 1454 1946 unciarum.

771 2084 867 2137 DE
913 2084 1210 2138 ROSATO.

263 2188 509 2257 Quinque
556 2190 724 2241 libras
773 2208 925 2241 rosae
973 2190 1143 2257 pridie
1192 2193 1455 2259 purgatae
1504 2190 1560 2241 in
1598 2187 1714 2240 uini
1788 2188 1921 2240 XIII

82 2284 125 2316 25
150 2263 349 2314 ueteris
400 2264 580 2315 decem
631 2263 879 2314 sextariis
928 2281 1136 2332 merges
1186 2267 1239 2315 et
1285 2267 1410 2331 post
1449 2263 1679 2333 triginta
1718 2262 1829 2314 dies

151 2336 332 2388 decem
373 2337 678 2405 despumati
719 2337 895 2389 mellis
935 2336 1102 2390 libras
1145 2337 1340 2390 adicies
1383 2341 1436 2389 et
1475 2335 1660 2388 uteris,

267 2529 295 2566 4
329 2524 592 2569 coniunctio
626 2527 720 2568 PL
735 2527 791 2582 Q,
827 2526 1052 2569 conjectio
1089 2527 1142 2581 G,
1178 2526 1549 2569 coniunctionem
1582 2526 1631 2568 E
1651 2528 1665 2581 11
1698 2530 1722 2567 5
1756 2539 1828 2568 co-

151 2583 421 2640 operiantur
451 2585 494 2627 L
533 2587 547 2641 11
588 2591 612 2628 6
655 2585 883 2628 efficia-tur
916 2587 965 2628 E
1005 2588 1009 2641 1
1053 2586 1343 2629 transmittat
1375 2586 1425 2628 E
1460 2588 1474 2641 11
1516 2590 1538 2627 7
1571 2587 1831 2627 testaceum

149 2644 248 2686 edd.
278 2644 283 2699 Ι
313 2643 686 2699 superfundimus
713 2646 837 2687 codd.
858 2645 913 2687 icc>
941 2646 946 2700 1
974 2644 1119 2701 uirgis
1150 2659 1230 2688 om.
1258 2646 1307 2687 E
1328 2647 1341 2700 11
1367 2649 1391 2686 8
1426 2644 1719 2686 uerberemus
1745 2644 1795 2685 E
1820 2644 1825 2701 1

149 2701 292 2744 rimus
326 2703 369 2745 L
413 2704 417 2757 1
460 2703 654 2746 tessales
689 2704 731 2745 V
766 2706 778 2758 11
819 2708 842 2746 9
878 2703 1065 2746 altiores
1099 2705 1188 2748 SE
1232 2706 1245 2759 11
1294 2709 1346 2746 10
1379 2717 1485 2759 pars
1515 2717 1600 2758 pro
1632 2715 1703 2744 res
1737 2702 1819 2760 ΕΙ

152 2766 206 2803 12
238 2760 554 2804 FACIENDIS
580 2777 661 2805 om.
684 2763 725 2805 G
750 2766 762 2818 11
790 2767 843 2804 14
877 2766 984 2806 sunt
1008 2778 1095 2818 pro
1128 2764 1245 2805 fiunt
1269 2764 1319 2805 E
1340 2766 1353 2818 11
1380 2768 1431 2804 15
1466 2764 1592 2805 cra-te
1624 2762 1748 2804 codd.
1774 2762 1819 2819 11

153 2824 206 2862 16
249 2819 419 2876 aperiri
457 2820 596 2864 fatiet
627 2822 677 2864 E
720 2825 733 2877 11
785 2827 834 2864 19
874 2821 1036 2865 lateris
1072 2821 1376 2864 similitudine
1412 2821 1454 2864 G
1497 2823 1501 2878 1
1546 2819 1830 2876 deprimetur

149 2880 379 2936 α6931123
404 2879 483 2921 DE
512 2879 665 2923 OLEO
691 2880 926 2923 ROSATO
947 2882 1096 2939 Ε1125
1123 2880 1341 2923 sestarios
1367 2879 1627 2937 (sextarios)
1645 2880 1698 2922 ia
1712 2879 1824 2938 0931

148 2937 319 2994 mergis
352 2939 475 2981 codd.
508 2942 511 2995 1
542 2941 586 2981 et
620 2953 699 2982 om.
734 2941 752 2982 φ’
775 2942 788 2995 11
815 2944 867 2982 26
903 2939 1156 2996 dispumati
1190 2941 1241 2983 ia
1270 2944 1274 2996 1
1303 2939 1448 2982 libras
1482 2954 1562 2983 om.
1590 2939 1640 2981 E
