2072 3145
791 88 984 134 AGRIC.
1009 90 1095 133 VH
1121 94 1144 132 7
1698 91 1801 143 177

129 215 184 263 et
221 230 341 265 cum
371 215 708 281 pugnaturae
741 215 880 279 sunt,
918 211 1113 264 facere:
1155 230 1380 280 quarum
1410 230 1648 281 pugnam
1682 230 1801 265 con-

127 285 300 352 pescit
337 284 515 354 puluis
556 288 649 337 aut
685 285 889 337 mulsae
923 303 1091 353 aquae
1123 285 1297 338 imber
1330 305 1592 354 aspersus
1656 287 1799 338 inest

127 358 208 410 illi
255 359 321 411 ad
368 358 592 428 originis
642 377 767 411 suae
823 359 1175 428 reparandam
1232 360 1574 412 concordiam
1628 360 1798 412 dulcis

129 431 439 485 auctoritas.
518 433 608 484 sed
656 451 776 484 cum
825 451 879 485 se
928 433 1144 502 agmina
1192 433 1267 485 sic
1313 437 1505 501 pacata
1549 434 1606 485 in
1649 452 1798 486 ramo

83 527 102 558 5
129 509 222 557 aut
274 506 392 558 loco
449 523 783 574 quocumque
839 507 1236 575 suspenderint,
1301 507 1346 559 si
1406 508 1564 559 unius
1618 508 1799 560 uberis

129 579 409 632 eductione
449 580 771 648 pendebunt,
810 579 955 632 noris
997 583 1090 632 aut
1127 598 1294 632 unum
1325 598 1507 650 regem
1540 599 1655 633 esse
1687 581 1803 633 uni-

126 653 298 705 uersis
346 657 439 705 aut
485 654 844 706 reconciliabis
894 655 1141 706 omnibus
1190 672 1404 707 manere
1445 655 1799 707 concordiam.

128 727 172 778 si
219 744 348 779 uero
398 727 501 779 duo
549 728 635 779 uel
682 728 838 795 plura
884 728 1051 780 ubera
1097 728 1423 796 suspendens
1473 748 1527 780 se
1567 730 1798 797 populus

127 800 394 869 imitatur,
451 805 504 853 et
550 801 818 853 discordes
867 805 991 854 sunt
1039 805 1093 853 et
1139 805 1224 854 tot
1270 820 1422 872 reges
1471 821 1611 869 esse,
1668 807 1798 871 quot

62 895 104 928 10
128 874 278 926 uelut
323 875 490 927 ubera
535 874 756 943 uideris,
813 876 1148 927 confitentur.
1224 876 1317 928 ubi
1371 876 1563 945 globos
1617 877 1798 944 apium

58 1263 98 1295 15

55 1634 97 1664 20

126 947 517 1016 frequentiores
572 948 797 1017 uideris,
860 952 1021 1001 uncta
1077 969 1240 1001 manu
1296 968 1422 1002 suco
1479 949 1799 1003 melissofilli

123 1022 211 1074 uel
259 1022 367 1090 apii
412 1039 565 1092 reges
613 1022 867 1091 requiras.
947 1027 1072 1075 sunt
1120 1027 1299 1075 autem
1350 1024 1512 1092 paulo
1564 1025 1795 1077 maiores

124 1099 178 1148 et
233 1095 495 1165 oblongae
551 1098 723 1166 magis
780 1115 940 1165 quam
998 1101 1206 1149 ceterae
1263 1116 1387 1165 apes
1401 1139 1414 1165 ,
1472 1097 1795 1151 rectioribus

125 1170 367 1222 cruribus
415 1189 585 1238 neque
634 1171 926 1239 grandibus
972 1172 1182 1239 penniS,
1237 1172 1450 1239 pulchri
1498 1172 1692 1224 coloris
1742 1176 1796 1225 et

123 1243 295 1311 nitidi,
334 1244 479 1295 leues
521 1244 632 1295 sine
671 1243 799 1312 pilo,
836 1244 941 1296 nisi
977 1244 1117 1297 forte
1150 1245 1416 1313 pleniores
1451 1246 1605 1314 quasi
1638 1247 1797 1314 capil-

123 1317 234 1368 lum
290 1321 483 1387 gerunt
535 1318 591 1368 in
643 1321 852 1384 uentre,
909 1335 1012 1386 quo
1067 1322 1249 1370 tamen
1302 1337 1412 1371 non
1457 1323 1682 1371 utuntur
1731 1321 1796 1372 ad

122 1391 330 1443 uulnus
397 1394 521 1443 sunt
561 1391 652 1442 alii
683 1391 821 1444 fusci
853 1395 1013 1460 atque
1046 1391 1256 1461 hirsuti,
1298 1411 1430 1461 quos
1466 1397 1681 1461 oportet
1714 1413 1796 1446 ex-

121 1464 298 1534 tingui
331 1468 384 1516 et
414 1464 775 1533 pulchriorem
807 1465 1048 1534 relinqui.
1107 1467 1198 1534 qui
1231 1466 1276 1518 si
1304 1466 1610 1535 frequenter
1635 1486 1794 1537 uaga-

121 1542 212 1589 tur
244 1557 364 1590 cum
396 1537 745 1607 examinibus,
787 1540 984 1607 ereptis
1018 1540 1117 1591 alis
1151 1543 1477 1592 reseruetur:
1515 1540 1617 1594 hoc
1651 1541 1793 1593 enim

122 1616 369 1664 manente
401 1613 549 1664 nulla
574 1613 821 1666 discedet.
863 1613 954 1665 sed
979 1613 1025 1665 si
1049 1614 1197 1665 nulla
1220 1618 1510 1666 nascantur
1536 1615 1793 1684 examina,

122 1685 348 1738 duorum
386 1686 474 1738 uel
514 1687 679 1738 trium
720 1686 1121 1739 multitudinem
1159 1688 1501 1740 uasculorum
1536 1688 1593 1740 in
1625 1708 1793 1741 unum

123 1759 361 1811 conferre
415 1778 722 1828 possumus:
784 1761 926 1813 dulci
980 1764 1161 1812 tamen
1215 1762 1422 1829 liquore
1479 1780 1792 1831 conspersas

123 1851 248 1900 apes
298 1837 458 1901 atque
504 1834 737 1886 inclusas
783 1852 878 1902 per
925 1835 1164 1892 triduum
1203 1836 1504 1887 tenebimus
1545 1837 1791 1904 adposito

123 1907 243 1959 cibo
291 1907 466 1959 mellis
515 1911 569 1958 et
617 1908 808 1977 exigua
853 1911 1065 1960 tantum
1113 1909 1380 1977 spiracula
1430 1909 1791 1977 relinquemus

79 1999 178 2035 51n
226 1981 372 2032 cella.
452 1981 593 2049 quod
643 1980 687 2032 si
734 1981 868 2033 uelis
918 1982 1232 2049 aluearium,
1281 1983 1365 2035 cui
1412 2001 1506 2051 per
1554 1983 1791 2052 aliquam

241 2174 264 2211 1
314 2169 407 2213 sint
453 2170 503 2213 E
556 2172 561 2225 Ι
620 2168 824 2222 Quarum
877 2171 1125 2227 compescit
1178 2172 1432 2216 tumultum
1479 2172 1634 2228 puluis
1692 2173 1734 2217 G
1783 2174 1788 2231 Ι

120 2242 280 2285 pugna
311 2229 353 2271 L
391 2231 406 2285 ΙΙ
445 2234 469 2271 2
504 2229 657 2272 mulsa
697 2232 778 2272 aut
811 2229 961 2273 imber
992 2231 1041 2273 E
1075 2233 1089 2287 ΙΙ
1129 2236 1153 2273 3
1193 2231 1286 2274 illis
1319 2231 1469 2274 V²Fi
1506 2234 1520 2287 Η
1560 2236 1584 2274 6
1626 2232 1791 2276 educa-

121 2286 248 2330 tione
281 2288 330 2330 E
355 2288 360 2345 Ι
390 2301 486 2331 6666
517 2301 675 2344 regem
705 2289 756 2331 E
790 2290 804 2344 Η
844 2293 868 2331 9
900 2288 1200 2333 inimicantur
1231 2291 1292 2334 Sl
1319 2292 1325 2347 Ι
1354 2290 1674 2334 discordesunt
1705 2292 1751 2334 P
1778 2292 1791 2346 ἕξ

124 2351 179 2388 10
214 2360 351 2402 apum
386 2347 558 2390 GS¹E
577 2349 591 2402 Η
619 2351 669 2389 11
703 2346 863 2390 iuncta
885 2348 936 2390 E
960 2350 965 2404 Ι
995 2349 1119 2392 611661
1144 2364 1180 2405 p
1207 2351 1212 2405 Ι
1239 2349 1390 2393 mellis
1424 2349 1559 2392 sofflli
1591 2350 1796 2407 PLQV

122 2404 274 2459 STG,
306 2405 590 2462 melisphylli
622 2408 659 2461 i,
692 2406 842 2449 mellis
876 2406 1039 2450 solsilli
1071 2409 1138 2463 E,
1178 2408 1330 2451 mellis
1357 2423 1412 2463 p,
1452 2408 1789 2465 melissophylli

121 2465 252 2507 ceteri
281 2466 296 2520 11
333 2470 384 2507 12
417 2478 549 2521 reges
581 2478 662 2509 om.
694 2465 735 2509 G
772 2468 786 2521 ΙΙ
827 2470 879 2508 13
913 2466 1109 2524 oblonge
1142 2467 1395 2524 LQSTF,
1429 2467 1657 2523 oblongae
1692 2468 1735 2511 G
1755 2468 1794 2509 V

121 2523 255 2577 Eia,
289 2522 519 2579 oblongue
545 2524 600 2579 P,
626 2523 817 2580 oblongi
841 2539 929 2581 093
951 2528 965 2579 ΙΙ
991 2531 1044 2569 14
1068 2525 1220 2582 pumis
1245 2526 1296 2568 E
1320 2527 1324 2583 Ι
1351 2525 1626 2582 pulchrioris
1652 2528 1698 2569 et
1717 2541 1751 2582 p
1773 2528 1789 2585 Η

124 2586 178 2624 15
209 2580 336 2624 161166
369 2582 542 2626 VFGz‘
583 2585 589 2639 Ι
630 2582 781 2626 fronte
809 2597 896 2639 pro
926 2583 1044 2628 forte
1068 2599 1105 2641 p
1143 2587 1156 2640 ΙΙ
1197 2590 1250 2628 16
1290 2587 1455 2641 gerant
1490 2585 1531 2628 G
1554 2587 1568 2641 Η
1601 2590 1654 2628 18
1686 2585 1787 2641 pul-

121 2639 322 2684 chriores
347 2655 383 2696 p
410 2643 415 2697 Ι
443 2644 675 2698 uagantur
700 2657 736 2697 p
759 2644 773 2697 Η
810 2647 862 2685 19
896 2643 1068 2700 eruptis
1105 2644 1159 2698 G,
1193 2643 1415 2700 exemptis
1446 2645 1485 2699 i,
1518 2643 1711 2687 exsectis
1744 2660 1785 2700 α,

122 2699 293 2742 exectis
326 2714 413 2757 098
440 2700 445 2757 Ι
480 2704 771 2744 reseruentur
795 2716 831 2757 p
868 2703 882 2757 ΙΙ
921 2707 975 2745 20
1011 2705 1264 2745 nascantur
1294 2717 1374 2746 om.
1402 2703 1451 2745 E
1485 2705 1499 2758 Η
1539 2707 1591 2744 21
1625 2717 1788 2746 uascu-

121 2756 272 2801 lorum
301 2758 651 2802 multitudinem
683 2774 808 2816 acys
846 2762 860 2817 ΙΙ
900 2766 954 2804 23
985 2764 1092 2817 post
1121 2761 1329 2804 triduum
1360 2762 1416 2816 L,
1450 2775 1530 2804 om.
1550 2776 1586 2817 p
1612 2764 1618 2818 Ι
1648 2776 1787 2818 appo-

121 2815 210 2860 sito
240 2817 377 2860 melle
395 2818 444 2860 Ε
463 2820 477 2873 ΙΙ
503 2823 557 2861 24
590 2821 636 2861 et
660 2832 740 2862 om.
760 2819 802 2861 L
831 2820 836 2876 Ι
865 2819 1116 2876 spiramina
1140 2820 1189 2862 E
1209 2822 1223 2876 Η
1248 2825 1300 2863 25
1334 2834 1424 2876 quo
1450 2819 1497 2862 di
1522 2820 1688 2864 seuelis
1707 2822 1752 2864 P
1776 2822 1784 2882 1

119 2874 196 2918 uel
221 2889 307 2931 pro
339 2876 455 2919 uelis
487 2877 536 2919 E

207 2958 436 2991 PALLAmvs
461 2959 516 2991 ed.
535 2959 745 2992 Schmitt.
1468 2957 1520 2995 12
