2072 3145
775 120 970 164 AGRIC.
996 121 1061 163 ΙΠ
1085 125 1258 163 24-25
1788 121 1857 172 99

175 244 355 313 pirum
393 242 594 311 plantis
637 260 811 294 serere
851 260 1018 310 prope
1058 242 1244 293 tardus
1277 245 1501 294 euentus
1535 244 1637 293 est:
1678 245 1862 294 tamen

179 317 372 386 quibus
418 317 522 368 hoe
567 317 768 385 placet,
815 320 878 367 ut
926 315 1132 367 semina
1172 332 1433 384 generosa
1471 315 1610 367 nihil
1652 316 1757 367 sibi
1797 316 1860 367 de

175 391 380 461 agresti
420 391 713 458 asperitate
752 389 1127 459 permisceant,
1164 389 1382 457 plantas
1423 390 1598 441 bimas
1642 393 1737 441 aut
1768 389 1864 440 tri-

175 483 290 517 mas
332 483 393 516 eo
434 482 607 533 more,
658 482 763 532 quo
806 464 952 516 oleae
993 466 1292 530 ponuntur,
1339 463 1609 515 radicatas
1650 463 1863 533 magnis

132 561 152 593 5
178 539 462 592 Scrobibus
502 542 724 606 ponant,
765 556 927 606 supra
966 540 1169 588 terram
1207 537 1383 588 tribus
1422 537 1559 590 altas
1592 537 1680 589 uel
1715 539 1864 606 quat-

176 617 301 665 tuor
348 612 600 680 pedibus,
648 630 875 681 quarum
925 611 1103 663 decisa
1143 611 1420 662 cacumina
1460 612 1652 681 argilla
1692 612 1864 662 mixta

173 704 389 738 muscus
440 686 599 738 debet
650 686 871 755 operire.
949 703 1075 737 nam
1124 685 1170 736 si
1218 685 1338 753 quis
1385 684 1628 753 pirorum
1680 703 1864 737 semen

173 763 453 829 aspargat,
493 760 644 812 nasci
690 760 906 828 quidem
937 777 1153 811 necesse
1187 762 1269 811 est
1303 759 1568 828 originem
1601 778 1754 811 suam
1785 776 1863 810 re-

172 834 392 887 fouente
431 837 642 901 natura,
685 834 835 886 cuius
879 833 1189 885 aeternitati
1227 833 1378 884 nulla
1417 833 1647 885 tarditas
1680 836 1863 901 potest

106 931 149 962 ιο
175 926 354 961 creare
387 908 683 960 fastidium.
741 908 834 960 sed
864 907 1071 959 homini
1103 907 1207 959 hoc
1233 910 1477 974 spectare
1504 907 1863 977 longinquum

173 985 270 1051 est,
313 1000 434 1034 cum
479 985 533 1033 et
575 1000 693 1034 sero
733 982 956 1034 ueniant
997 984 1050 1034 et
1091 981 1152 1032 de
1194 980 1405 1050 generis
1444 982 1734 1034 nobilitate
1775 981 1862 1032 de-

173 1057 382 1109 cedant.
446 1056 638 1108 melius
673 1073 802 1125 ergo
834 1056 938 1108 hoc
970 1073 1151 1107 mense
1182 1055 1464 1106 nouembri
1496 1055 1605 1123 fiet,
1636 1059 1700 1108 ut
1723 1054 1863 1123 piro-
1903 1057 1935 1109 3

173 1149 293 1182 rum
326 1130 546 1198 plantas
572 1129 843 1182 radicatas
874 1148 1114 1181 seramus
1141 1129 1437 1198 agrestium
1464 1130 1701 1181 subactis
1727 1129 1862 1180 bene

181 1204 479 1272 scrobibUS,
510 1207 586 1271 ut,
620 1221 740 1255 cum
764 1203 1160 1272 prehenderint‚
1186 1203 1508 1255 inserantur.
1554 1203 1657 1256 hoe
1682 1206 1862 1255 autem

107 1299 147 1332 15
174 1278 420 1346 interest7
462 1278 618 1345 quod,
660 1295 793 1346 quae
833 1278 1037 1346 plantis
1078 1277 1188 1328 suis
1223 1282 1488 1344 seruntur,
1528 1277 1861 1330 dulcedinem

172 1370 232 1404 ac
249 1352 668 1403 teneritudinem
700 1355 936 1420 seruant,
962 1351 1051 1402 diu
1071 1354 1254 1402 tamen
1280 1355 1496 1403 seruata
1520 1370 1626 1403 non
1645 1352 1861 1403 durant:

169 1426 333 1478 insita
375 1443 503 1477 uero
545 1444 752 1477 moram
784 1425 1046 1493 temporis
1081 1424 1441 1476 sustinebunt.
1505 1426 1684 1494 spatia
1715 1425 1861 1476 inter

169 1501 317 1568 piros
366 1499 596 1569 triginta
641 1500 837 1568 pedum
885 1517 1137 1551 mensura
1183 1499 1466 1550 discernat.
1546 1517 1713 1569 genus
1753 1499 1858 1550 hoc

172 1573 398 1642 arboriS,
436 1577 498 1625 ut
536 1573 802 1642 proficiat,
842 1573 1115 1642 frequenti
1153 1591 1340 1625 umore
1382 1577 1435 1624 et
1477 1573 1712 1625 adsiduis
1753 1572 1859 1624 fos-

104 1669 148 1701 20
174 1647 416 1700 sionibus
466 1651 550 1699 est
597 1648 881 1700 colendum
924 1665 1093 1715 usque
1135 1647 1292 1715 adeO‚
1338 1650 1399 1698 ut
1437 1650 1702 1716 tempore,
1751 1664 1856 1715 quo

169 1722 361 1774 florere
396 1721 693 1789 consueuit,
723 1722 862 1773 nihil
894 1722 1175 1790 perditura
1208 1721 1455 1773 credatur
1486 1722 1548 1772 de
1581 1721 1711 1773 flore
1738 1738 1857 1788 pro-

168 1795 303 1863 lato,
350 1795 396 1847 si
441 1814 559 1847 eam
598 1799 727 1847 tunc
767 1795 945 1847 fossor
988 1795 1268 1847 adiuuerit.
1347 1795 1580 1846 multum
1619 1794 1853 1863 profieiS‚
1893 1797 1929 1848 4

171 1870 216 1921 si
271 1869 552 1921 interiecto
609 1887 770 1936 anno,
829 1869 984 1937 quale
1037 1869 1193 1936 libet,
1248 1869 1514 1920 laetamen
1567 1869 1851 1938 adiungas:

171 1943 261 1995 sed
293 1943 558 1995 bubulum
590 1942 825 1995 creditur
858 1942 1032 2011 spissa
1066 1946 1120 1994 et
1152 1941 1342 2012 grauia
1374 1961 1536 2011 poma
1575 1960 1847 2012 generare.

102 2038 143 2071 25
169 2017 336 2086 aliqui
377 2017 610 2070 cinerem
650 2017 880 2069 miscent
921 2017 1193 2070 credentes
1234 2016 1360 2069 hinc
1393 2017 1642 2069 contrahi
1673 2015 1850 2085 pomis

287 2211 312 2249 2
347 2206 413 2250 sic
437 2220 527 2263 pro
557 2206 646 2249 hoc
671 2220 706 2261 p
734 2210 738 2260 Ι
766 2205 945 2262 placuit
969 2205 1176 2264 Fiacys
1204 2207 1209 2263 Ι
1237 2219 1346 2248 nam
1372 2219 1460 2261 pro
1484 2208 1536 2250 ut
1555 2221 1589 2262 p
1613 2209 1627 2263 ΙΙ
1651 2212 1676 2250 3
1709 2206 1846 2250 binas

169 2268 251 2309 aut
279 2265 427 2309 trinas
461 2266 511 2308 E
547 2267 560 2321 ΙΙ
598 2271 626 2308 4
659 2265 783 2319 quod
814 2266 857 2308 L
886 2266 890 2321 Ι
930 2264 1113 2308 radicas
1150 2265 1186 2322 Q
1225 2267 1238 2321 ΙΙ
1279 2270 1302 2308 5
1336 2268 1517 2321 ponunt
1548 2266 1591 2308 V
1628 2267 1632 2323 Ι
1674 2267 1848 2309 terram

169 2339 250 2369 om.
270 2326 319 2367 E
345 2327 349 2381 Ι
379 2327 461 2368 aut
477 2325 527 2367 E
547 2327 561 2380 ll
587 2330 612 2368 8
639 2326 860 2380 aspargat
879 2325 971 2367 PL
990 2324 1042 2378 V,
1067 2327 1286 2381 aspergat
1310 2326 1441 2369 ceteri
1468 2326 1472 2381 Ι
1500 2327 1767 2368 remouente
1785 2326 1845 2380 E,

167 2386 358 2440 repente
384 2399 432 2440 p.
457 2386 471 2439 11
497 2388 552 2427 10
585 2397 777 2427 causare
808 2385 839 2437 Δι’,
873 2382 1036 2426 afferre
1067 2398 1193 2441 acys
1221 2386 1225 2440 Ι
1256 2397 1470 2440 speccare
1507 2384 1563 2440 Q,
1599 2386 1847 2441 expectare

170 2444 350 2500 Eacys
377 2444 382 2499 Ι
409 2443 601 2499 longum
631 2444 711 2499 ΕΙ
740 2457 882 2498 quum
913 2444 984 2485 est
1015 2456 1120 2486 eum
1151 2444 1230 2499 ΡΗ
1257 2448 1308 2485 11
1342 2442 1534 2486 uenient
1569 2443 1606 2500 Q
1630 2446 1643 2499 ΙΙ
1678 2448 1732 2486 12
1766 2456 1846 2485 no-

169 2501 372 2545 uembris
404 2502 454 2544 E
497 2505 511 2559 ΙΙ
559 2507 613 2545 14
646 2500 1064 2558 conprehenderint
1095 2502 1360 2558 PLQTF,
1402 2516 1569 2558 compr.
1610 2502 1697 2556 Gi,
1740 2516 1846 2544 cum

170 2560 590 2618 conprehenderint
621 2561 713 2614 VS,
747 2560 1180 2617 comprehenderint
1211 2562 1261 2604 E
1295 2563 1310 2617 ΙΙ
1350 2565 1403 2604 16
1436 2563 1543 2604 tene
1576 2560 1732 2604 dinem
1766 2561 1843 2615 8¹,

167 2619 262 2664 ritu
293 2635 436 2676 supra
468 2620 543 2675 82,
578 2619 842 2663 acredinem
873 2621 933 2674 E,
966 2619 1263 2664 teneritatem
1294 2634 1422 2677 acqs
1449 2623 1454 2675 Ι
1484 2615 1737 2663 seruabunt
1762 2634 1799 2675 p
1830 2621 1845 2678 {l

170 2684 223 2723 18
257 2679 525 2722 discernant
561 2679 596 2735 Q
620 2682 634 2735 Η
666 2684 721 2722 20
755 2693 869 2734 quos
903 2679 976 2736 Vl}
1002 2684 1055 2721 21
1088 2679 1159 2722 nil
1191 2679 1335 2736 SlEl
1369 2679 1593 2735 perdatur
1625 2693 1678 2722 ac
1710 2679 1844 2722 rade-

167 2740 243 2781 tur
283 2739 326 2782 V
374 2740 388 2794 Η
439 2743 493 2780 22
533 2737 681 2781 forsor
718 2739 762 2782 L
815 2740 828 2794 Η
883 2742 937 2780 23
976 2737 1235 2795 intergecto
1275 2738 1325 2781 E
1381 2740 1386 2795 Ι
1445 2737 1717 2793 quadelibet
1761 2737 1798 2794 Q

170 2797 364 2854 adiugas
423 2797 465 2841 G
539 2799 554 2852 ΙΙ
622 2802 678 2841 24
733 2796 936 2840 creditur
997 2799 1209 2841 omittunt
1269 2811 1418 2841 onmes
1465 2803 1647 2852 praeter
1701 2797 1735 2840 S
1742 2798 1792 2839 E

168 2869 390 2912 generare
420 2870 559 2912 poma
582 2857 642 2913 E,
674 2870 896 2913 generare
926 2856 1072 2900 fertur
1099 2856 1277 2910 TGas,
1310 2869 1531 2912 generare
1557 2856 1742 2914 [fertur]
1769 2871 1838 2913 cy,

168 2917 364 2971 generat
393 2916 411 2959 i

1519 2988 1574 3031 7*
