2014 3169
167 109 269 161 128
869 109 1153 153 PALLADII

162 230 476 300 prouiderit,
515 249 581 283 ne
614 249 776 299 poma
808 231 1097 283 findantur.
1160 232 1468 300 curandum,
1500 251 1566 285 ne
1606 234 1848 303 uirgulta

163 308 380 358 inuersa
435 305 685 373 deponas,
766 306 1056 357 creduntur
1111 306 1262 357 acida
1306 306 1447 374 fieri,
1501 307 1546 359 si
1602 307 1847 377 rigentur

165 380 405 432 adsidue:
454 398 579 431 nam
627 379 843 431 siccitas
891 380 948 431 in
993 379 1079 431 his
1129 383 1183 432 et
1231 380 1558 432 suauitatem
1603 385 1848 449 praestat

165 458 220 506 et-
253 453 479 521 copiam.
537 452 686 505 cuius
719 456 903 505 tamen
933 452 1203 505 nimietati
1239 453 1440 522 aliquid
1465 455 1622 507 debet
1646 454 1846 508 umoris

169 528 383 595 obponi.
447 527 764 579 circumfodi
805 531 1063 579 autumno
1098 528 1257 579 debet
1289 532 1343 580 et
1375 546 1557 582 uerno,
1620 530 1666 582 si
1699 529 1850 582 acida
1896 551 1915 582 5

165 607 473 668 nascuntur,
500 602 770 654 modicum
796 602 987 654 laseris
1015 620 1135 654 cum
1160 602 1287 654 uino
1314 602 1507 654 tritum
1523 622 1619 671 per
1642 621 1851 656 summa

167 676 377 727 arboris
428 676 707 728 cacumina
754 679 971 744 oportet
1017 676 1228 728 infundi
1266 677 1355 728 uel
1395 677 1730 745 ablaqueatis
1770 696 1850 729 ra-

168 750 376 802 dicibus
405 750 558 802 tedae
585 750 770 802 clauus
787 750 956 820 infigi.
999 750 1092 802 alii
1119 750 1299 820 algam
1324 750 1589 804 marinam
1615 752 1851 804 obruunt

168 825 233 876 ad
265 824 487 893 radiceS,
520 824 606 878 cui
630 824 879 876 nonnulli
905 826 1110 877 stercus
1138 825 1368 877 miscent
1393 825 1663 878 asininum
1688 830 1851 895 atque

166 898 464 967 porcinum.
544 898 589 950 si
636 898 826 950 florem
871 916 981 950 non
1029 897 1294 967 continet,
1347 899 1560 951 urinam
1610 903 1852 952 ueterem
1878 920 1919 952 10

169 991 290 1024 cum
337 972 457 1041 pari
504 990 755 1024 mensura
804 991 973 1041 aquae
1022 972 1347 1041 temperabis
1404 977 1459 1024 et
1506 992 1601 1041 per
1653 993 1851 1026 annum

167 1047 224 1098 in
271 1047 543 1098 radicibus
592 1046 796 1098 fundes
876 1048 968 1098 uni
1016 1048 1198 1099 arbori
1245 1047 1454 1099 amfora
1492 1048 1706 1117 ingesta
1746 1048 1850 1100 suf·

167 1121 329 1173 ficiet.
398 1121 485 1173 uel
527 1139 802 1173 amurcam
841 1121 1027 1173 mittes
1068 1120 1330 1173 insulsam
1370 1122 1457 1173 uel
1498 1122 1678 1191 algam
1718 1122 1854 1174 radi-

170 1196 321 1247 cibus
384 1195 575 1264 iunges
639 1198 693 1246 et
748 1195 832 1246 bis
890 1195 1095 1265 rigabis
1152 1194 1209 1247 in
1264 1214 1447 1247 mense
1501 1197 1589 1248 uel
1643 1196 1853 1248 arboris

169 1269 414 1322 1101611113
464 1273 714 1322 1101160111
761 1270 1017 1338 plumbeo
1067 1268 1267 1322 circulo
1316 1269 1535 1322 debebis
1583 1270 1854 1323 includere
1880 1291 1921 1323 15

171 1344 257 1396 uel
299 1344 444 1396 corio
491 1344 682 1413 anguis
716 1343 1008 1397 inuoluere
1074 1344 1119 1395 si
1152 1349 1375 1412 crepant
1406 1362 1581 1412 poma,
1621 1345 1856 1428 lapidem

171 1419 228 1469 in
277 1417 453 1470 media
505 1418 712 1470 arboris
761 1417 939 1470 radice
988 1416 1248 1487 subponis
1293 1419 1379 1470 uel
1420 1419 1674 1486 squillam
1715 1419 1858 1471 circa

173 1492 420 1544 arborem
461 1491 610 1544 seris,
689 1494 742 1544 et
783 1492 851 1558 31,
891 1492 1018 1543 dum
1057 1493 1292 1560 pendent
1332 1511 1515 1560 poma,
1561 1492 1857 1557 tenacibUS,

171 1567 313 1619 316111
353 1567 410 1618 111
450 1567 641 1618 arbore
681 1566 964 1633 habentur,
1004 1566 1306 1632 1010136113,
1345 1566 1402 1617 111
1440 1570 1619 1618 totum
1657 1586 1857 1619 annum

173 1640 286 1692 sine
351 1640 694 1709 corruptione
759 1645 1059 1692 seruantur.
1141 1641 1187 1692 si
1249 1640 1525 1693 uermibus
1588 1641 1855 1709 laborant,
1881 1663 1924 1693 20

173 1714 353 1785 tangis
409 1715 614 1767 radices
671 1714 795 1767 felle
851 1714 1057 1766 bubulo
1114 1718 1168 1766 et
1222 1715 1477 1767 continuo
1530 1716 1857 1767 moriuntur:

175 1792 268 1841 aut
316 1789 470 1842 clauo
521 1806 684 1841 aeneo
735 1789 780 1840 si
828 1807 1038 1840 uermes
1093 1790 1307 1841 eosdem
1361 1806 1582 1858 purges,
1639 1789 1858 1842 difficile

172 1866 484 1916 nascentur:
540 1864 625 1915 uel
685 1862 823 1915 asini
869 1866 1027 1915 urina
1074 1863 1300 1916 stercori
1350 1862 1589 1915 admixta
1635 1863 1857 1932 porcino

173 1938 452 1990 uermibus
488 1937 748 1989 obuiabit.
806 1938 940 1989 cinis
975 1956 1096 1989 cum
1128 1937 1306 1989 lexiuo
1342 1938 1483 1990 circa
1507 1938 1689 2006 punici
1713 1941 1861 1990 trun-

176 2031 297 2064 cum
344 2012 654 2080 frequenter
701 2011 911 2064 infusus
959 2012 1101 2064 laeta
1146 2015 1200 2063 et
1238 2012 1516 2064 fructuosa
1555 2011 1740 2064 reddet
1780 2030 1858 2064 ar·
1885 2033 1927 2065 25

106 2092 125 2101 '
176 2087 350 2138 busta.
429 2086 629 2137 adserit
679 2085 944 2138 Martialis
998 2086 1225 2138 candida
1274 2086 1331 2137 in
1378 2086 1464 2137 his
1513 2103 1682 2155 grana
1728 2086 1860 2153 fieri,

176 2161 221 2212 si
270 2160 494 2230 argillae
543 2164 597 2212 et
645 2164 822 2212 cretae
873 2165 1122 2228 quartam
1170 2164 1382 2228 partem
1430 2161 1590 2229 gypsi
1633 2159 1861 2213 misceas

177 2239 229 2286 et
278 2238 395 2287 toto
448 2234 681 2286 triennio
729 2234 831 2286 1106
881 2252 1050 2304 genus
1093 2239 1267 2286 terrae
1308 2234 1578 2286 radicibus
1621 2235 1734 2286 eius
1777 2235 1863 2286 ad—

176 2309 383 2378 iungas.
463 2308 605 2360 idem
654 2308 784 2360 dicit
829 2310 996 2360 mirae
1038 2308 1428 2378 magnitudinis
1475 2308 1614 2376 fieri,
1662 2309 1707 2360 si
1757 2308 1864 2360 olla

299 2505 318 2541 1
354 2498 599 2555 prouideat
635 2499 683 2541 E
724 2501 728 2553 Ι
772 2498 1029 2541 fundantur
1061 2500 1103 2542 L
1147 2500 1152 2556 Ι
1197 2498 1382 2554 uirgula
1417 2514 1445 2555 9
1491 2502 1505 2554 Η
1554 2503 1578 2540 6
1611 2500 1866 2541 nascantur

182 2559 335 2614 QEF
339 2573 494 2615 zacys·
518 2561 532 2614 ΙΙ
560 2563 582 2601 7
618 2560 663 2600 61
697 2556 874 2600 arboris
908 2559 958 2600 L
979 2560 992 2613 Η
1018 2563 1042 2601 8
1077 2558 1235 2601 616003
1268 2559 1319 2601 Ε
1340 2560 1353 2613 ΙΙ
1381 2563 1430 2600 11
1469 2557 1674 2614 compari
1707 2559 1820 2615 Lcy
1852 2559 1865 2611 3}

181 2623 232 2660 12
274 2617 493 2660 infundes
526 2619 679 2674 iac-ys·
718 2620 731 2672 11
775 2622 827 2659 13
871 2631 1111 2673 amurgam
1145 2618 1190 2660 P
1230 2617 1235 2675 Ι
1278 2617 1428 2660 mittis
1462 2617 1870 2673 PLQVGSET

179 2678 287 2720 F'za
329 2681 341 2732 Η
384 2682 436 2719 15
470 2676 741 2720 florentibus
779 2676 815 2732 Q
858 2678 863 2732 Ι
908 2677 1048 2719 debes
1082 2678 1132 2719 J)
1168 2680 1181 2732 Η
1223 2682 1275 2719 18
1311 2679 1357 2719 61
1390 2676 1428 2719 31
1461 2676 1630 2732 quibus
1661 2675 1868 2732 pendent

179 2751 317 2792 poma
349 2736 594 2779 tenacibus
627 2750 647 2777 s
672 2739 684 2791 Η
726 2741 781 2778 21)
815 2735 1023 2778 seruabis
1057 2737 1210 2793 iaccjs
1242 2738 1255 2791 Η
1293 2742 1343 2778 21
1380 2735 1545 2779 bubuli
1579 2735 1663 2790 ΕΙΙ
1695 2740 1749 2777 22
1784 2737 1867 2778 aut

180 2795 441 2838 ——arbusta
465 2810 546 2839 om.
568 2811 604 2851 J)
627 2799 639 2850 l}
667 2800 720 2837 23
747 2794 894 2838 mixta
918 2796 967 2837 E
988 2798 1001 2850 Η
1029 2800 1082 2837 24
1116 2794 1331 2838 obuiauit
1358 2796 1395 2851 q)
1424 2798 1428 2851 1
1457 2794 1620 2838 lixiuio
1646 2795 1830 2851 Eacys
1853 2795 1868 2851 11

182 2860 235 2897 23
270 2854 425 2898 reddit·
458 2856 666 2911 E‘e'acys
704 2858 717 2910 Η
759 2860 812 2897 26
847 2854 1055 2897 Asseruit
1091 2856 1139 2897 E
1175 2857 1189 2910 11
1230 2860 1282 2897 27
1319 2854 1488 2911 argilla
1522 2855 1563 2898 G
1588 2857 1602 2909 ΙΙ
1643 2859 1696 2898 29
1729 2867 1868 2910 poma

183 2914 278 2956 fieri
312 2930 332 2957 3·
