2014 3169
82 930 121 960 10

82 1671 124 1702 20

796 117 990 161 AGRIC.
1017 118 1039 159 Ι
1063 122 1178 160 6-8
1770 115 1836 166 13

145 261 277 295 3333.
347 242 403 293 111
450 240 648 293 uinetis
697 239 926 291 maxime
967 238 1415 291 considerandum
1456 240 1617 305 atque
1658 236 1831 288 uitan-

147 318 274 368 dum
299 319 396 381 est,
421 315 563 383 quod
587 314 826 383 plerique
854 313 1100 365 fecerunt
1125 312 1388 363 studendo
1415 310 1590 362 famae
1616 315 1831 362 tantum

147 395 201 442 et
240 388 519 441 latitudini
557 387 896 456 pastinorum
937 387 1142 438 semina
1174 386 1372 437 uitium
1406 388 1710 436 statuentes
1743 385 1830 435 uel

148 463 355 516 sterilia
401 463 487 515 uel
536 462 742 530 saporis
790 461 1021 530 indigni:
1072 461 1213 529 quod
1263 459 1454 527 grandi
1501 459 1606 510 tibi
1645 458 1832 510 labore

147 537 441 605 constabit,
488 540 548 588 ut
589 537 852 605 corrigaS,
897 534 943 586 si
984 552 1176 604 agrum
1218 551 1478 601 conpares
1519 532 1671 584 uitiis
1713 531 1833 584 tali-

147 614 246 664 bus
282 614 616 679 occupatum.
679 610 879 678 positio
913 608 1084 677 ipsius
1120 607 1251 678 agri,
1294 608 1387 675 qui
1421 606 1700 676 eligendus
1735 609 1833 673 est,
1876 607 1907 657 3

147 705 209 738 33
264 686 348 737 sit.
426 685 482 736 in
535 684 750 753 frigidis
800 682 1096 752 prouinciis
1147 682 1344 734 orienti
1394 685 1486 732 aut
1535 681 1833 732 meridiano

147 760 305 812 lateri
356 777 485 828 ager
533 776 649 810 esse
698 758 856 809 debet
904 757 1210 824 obpositUS,
1258 775 1324 807 ne
1374 755 1601 807 alicuius
1650 755 1837 824 magni

147 833 347 886 montis
404 833 621 885 obiectu
674 832 760 883 his
816 831 1023 883 duabus
1071 831 1318 898 partibus
1369 829 1599 882 exclusis
1651 828 1835 898 algore

146 909 383 976 rigescat
424 911 517 959 aut
555 925 651 975 per
683 910 895 974 partem
928 905 1332 974 septemtrionis
1367 908 1576 956 remoto
1613 907 1707 954 aut
1739 921 1837 971 per

147 980 440 1034 occidentis
495 981 553 1032 in
607 999 890 1048 uesperam
939 981 1050 1032 sole
1100 978 1284 1030 dilatO.
1362 979 1418 1029 in
1467 977 1656 1030 calidis
1704 995 1835 1028 uero

146 1055 440 1124 prouinciis
473 1073 598 1123 pars
632 1055 815 1122 potius
851 1053 1256 1122 septemtrionis
1293 1052 1528 1120 optanda
1562 1055 1660 1118 est,
1700 1069 1836 1119 quae

148 1133 201 1182 et
246 1129 476 1181 utilitati
524 1132 576 1181 et
623 1128 896 1196 uoluptati
945 1136 998 1179 et
1045 1128 1208 1179 saluti
1259 1145 1431 1195 aequa
1471 1125 1718 1178 bonitate
1760 1144 1838 1176 re-

149 1204 425 1272 spondeat.
488 1204 532 1255 si
572 1202 781 1255 uicinus
823 1206 905 1254 est
943 1202 1159 1268 fluuiUS,
1199 1202 1294 1252 ubi
1336 1200 1626 1252 statuimus
1668 1199 1836 1251 fabri-
1878 1198 1914 1249 4

104 1299 122 1330 5
150 1297 239 1331 cae
288 1278 467 1330 sedem
513 1295 725 1345 parare,
775 1275 887 1328 eius
938 1277 1192 1328 debemus
1243 1274 1522 1343 explorare
1567 1277 1837 1340 naturam,

149 1352 274 1421 quia
314 1352 654 1419 plerumque,
703 1351 845 1418 quod
886 1351 1124 1417 exhalat,
1172 1349 1454 1401 inimicum
1496 1351 1601 1414 est,
1643 1366 1673 1398 a
1715 1366 1839 1415 quo,

149 1427 194 1478 si
220 1426 346 1478 talis
373 1425 459 1489 sit,
493 1426 777 1477 conueniet
802 1425 1048 1494 refugere
1076 1424 1430 1476 conditorem.
1470 1422 1627 1490 palus
1654 1425 1840 1473 tamen

149 1499 296 1553 omni
337 1499 495 1552 modo
536 1499 759 1551 uitanda
800 1503 895 1566 est,
936 1498 1221 1567 praecipue
1260 1515 1395 1566 quae
1431 1497 1497 1548 ab
1534 1499 1719 1548 austro
1756 1500 1839 1547 est

149 1575 235 1626 uel
276 1573 549 1627 occidente
591 1578 645 1625 et
686 1574 876 1626 siccari
910 1572 1193 1625 consueuit
1229 1575 1451 1637 aestate,
1492 1574 1715 1639 propter
1747 1588 1841 1638 pe-

150 1649 448 1701 stilentiam
488 1647 575 1699 uel
617 1648 874 1700 animalia
910 1647 1155 1717 inimica,
1197 1665 1331 1715 quae
1374 1649 1612 1715 generat.

730 1840 828 1892 DE
870 1839 968 1892 ΑΕ
980 1838 1268 1892 DIFICIO.

260 1944 583 1997 Aedificium
608 1963 705 2013 pro
734 1944 851 2013 agri
877 1944 1071 2009 merito
1099 1947 1152 1995 et
1175 1962 1274 2012 pro
1301 1942 1522 1994 fortuna
1548 1940 1754 1993 domini
1795 1939 1934 2004 VIII

153 2023 368 2088 oportet
415 2019 651 2071 institui:
701 2019 843 2087 quod
888 2019 1207 2086 plerumque
1251 2016 1519 2068 inmodice
1562 2018 1840 2083 sumptum

153 2093 425 2145 difficilius
461 2097 543 2145 est
576 2092 840 2144 sustinere
876 2110 1037 2159 quam
1071 2093 1314 2144 condere.
1368 2091 1449 2142 ita
1481 2090 1651 2159 igitur
1684 2090 1841 2141 aesti-

109 2189 126 2221 5
152 2168 346 2219 manda
386 2168 499 2220 eius
541 2171 623 2220 est
663 2166 996 2235 magnitudo,
1035 2170 1113 2233 ut,
1155 2166 1200 2218 si
1243 2166 1440 2233 aliquis
1480 2182 1633 2217 casus
1666 2163 1841 2216 incur-

154 2242 300 2309 rerit,
341 2260 405 2293 ex
445 2259 591 2311 agro,
631 2241 688 2292 in
729 2259 832 2310 quo
875 2244 971 2309 est,
1010 2241 1169 2292 unius
1212 2239 1339 2291 anni
1381 2242 1474 2290 aut
1513 2243 1573 2290 ut
1606 2238 1840 2289 multum

152 2315 356 2367 biennii
379 2315 636 2384 pensione
662 2317 956 2383 reparetur.
1011 2315 1182 2383 ipsius
1210 2317 1392 2365 autem
1415 2311 1676 2381 praetorii
1704 2311 1840 2363 situs
1882 2312 1916 2363 2

277 2452 296 2488 1
332 2445 400 2488 De
439 2445 666 2489 electione
707 2444 808 2501 agri
847 2445 1087 2488 vinearum
1129 2445 1324 2488 addit(
1295 2444 1360 2487 63
1403 2459 1449 2486 m
1485 2457 1686 2499 maryzne
1738 2444 1742 2497 ἶ
1793 2441 1842 2484 in

154 2504 306 2547 uineis
338 2506 489 2562 iacys
517 2506 521 2561 Ι
553 2504 940 2548 considerandum
973 2507 1042 2547 est
1075 2507 1216 2559 atque
1248 2503 1496 2546 uitandum
1526 2503 1575 2544 E
1597 2505 1609 2557 Ιξ
1637 2507 1660 2543 3
1694 2515 1778 2557 1333
1760 2501 1842 2544 ti-

154 2567 370 2607 natorum
390 2564 432 2607 6
455 2566 468 2620 Η
494 2569 518 2607 5
544 2563 720 2606 uitibus
741 2564 830 2607 SE
852 2567 865 2619 Η
891 2570 916 2607 8
943 2564 1083 2607 debet
1107 2577 1205 2606 esse
1224 2564 1273 2606 E
1296 2566 1308 2619 11
1335 2568 1358 2605 9
1383 2561 1554 2604 montis
1577 2560 1739 2617 magni
1757 2561 1806 2603 E
1833 2562 1836 2618 Ι

154 2622 368 2666 exclusus
401 2638 421 2666 ,3
450 2626 453 2678 Ι
485 2623 616 2680 algor
649 2623 878 2679 erigescat
910 2624 984 2679 VH
1012 2628 1065 2665 10
1105 2622 1300 2666 remotio
1339 2622 1374 2677 Q
1400 2625 1411 2676 ,ἱ
1440 2626 1492 2663 13
1528 2619 1723 2663 salutati
1760 2620 1796 2675 Q
1838 2620 1841 2675 Ι

158 2688 212 2725 14
244 2681 451 2725 fabricae
483 2696 564 2726 om.
592 2698 628 2738 p
653 2686 666 2739 Η
693 2688 745 2725 16
780 2682 935 2725 exalat
971 2683 1060 2738 QV
1065 2682 1122 2735 F
1155 2682 1288 2724 halat
1324 2681 1366 2724 6
1376 2682 1387 2705 ¹
1412 2683 1425 2736 {l
1454 2685 1506 2723 18
1542 2679 1727 2723 omnino
1754 2680 1804 2722 E
1834 2686 1837 2737 Ι

156 2742 216 2785 ab
248 2742 419 2784 Austro
451 2741 526 2785 vel
558 2744 603 2784 et
622 2741 888 2785 Occidente
915 2757 950 2797 p
981 2745 995 2798 Η
1031 2747 1084 2784 22
1118 2756 1201 2798 pro
1234 2740 1400 2783 merito
1437 2739 1536 2796 agri
1572 2740 1620 2782 E
1642 2741 1655 2794 l}
1683 2744 1736 2782 23
1772 2738 1845 2780 in-

156 2799 291 2843 stitui
323 2803 507 2856 oportet
538 2802 587 2843 E
613 2803 617 2858 Ι
647 2804 834 2857 suptum
866 2802 908 2843 Ῑ
957 2804 970 2857 Ἰ
1026 2806 1080 2843 24
1122 2801 1287 2843 cadere
1321 2800 1371 2842 E
1419 2801 1423 2856 l
1477 2798 1747 2842 extimanda
1781 2815 1794 2841 2
1831 2799 1844 2851 j

158 2865 212 2902 25
247 2862 317 2903 est
356 2859 454 2902 eius
486 2861 724 2917 EFctcys
778 2863 790 2915 Η
848 2865 901 2902 26
942 2863 995 2903 ut
1035 2862 1246 2904 omniunt
1285 2860 1475 2913 codeces,
1519 2859 1611 2915 [ut]
1645 2858 1845 2901 multum

154 2920 320 2963 habent
351 2933 409 2976 cy
434 2922 447 2975 ΙΙ
474 2924 526 2962 27
560 2922 743 2975 reparet
781 2920 816 2975 Q
