2072 3145
128 946 170 977 10

127 1315 168 1348 15

126 1684 168 1715 20

125 2053 167 2085 25

849 139 1042 184 AGRIC.
1069 141 1153 183 ΠΠ
1179 145 1233 184 10
1771 141 1875 193 133

308 260 704 313 MESPILVM.
742 260 970 329 Mespila
995 261 1128 314 locis
1155 261 1342 314 calidis
1368 261 1599 314 maxime
1626 263 1874 331 gaudent,
1895 261 1961 313 19

198 336 290 388 sed
321 334 573 404 inriguis:
611 338 793 386 tamen
825 334 1037 404 frigidis
1074 353 1285 404 quoque
1316 336 1660 404 proueniunt:
1699 337 1874 405 magis

197 409 456 461 sabulone
511 409 702 478 pingui
758 412 851 460 aut
899 409 1146 478 glareosa
1194 414 1359 478 terra,
1416 410 1500 462 cui
1549 428 1709 461 arena
1758 428 1874 478 per-

197 483 368 534 mixta
417 486 521 551 est,
571 483 658 534 uel
700 482 894 552 argilla
933 501 1054 535 cum
1096 484 1254 534 saxis,
1332 484 1553 535 serenda
1594 487 1676 535 est
1716 484 1875 535 taleis

195 575 377 608 mense
427 557 623 608 martio
670 557 756 608 uel
802 556 1107 620 nouembri‚
1165 558 1256 609 sed
1307 558 1421 609 solo
1471 560 1767 610 stercorato
1824 561 1877 609 61

196 631 439 699 subactO,
470 631 548 682 ita
580 635 641 682 111
675 637 959 699 utrumque
993 636 1155 698 caput
1187 631 1359 683 taleae
1394 634 1600 684 stercus
1628 632 1877 684 obducat.

195 707 320 756 sunt
370 705 482 756 eius
531 704 864 756 incrementa
904 705 1230 757 tardissima.
1308 708 1453 756 amat
1491 706 1674 773 putari
1715 708 1876 773 atque

196 778 512 849 circumfodi
563 782 616 830 et
662 797 824 846 parco
873 796 1057 830 umore
1105 779 1248 830 inter
1292 779 1562 831 siccitates
1605 798 1761 847 saepe
1801 798 1878 831 re-

194 852 383 904 foueri.
462 853 661 904 seritur
701 856 754 904 et
795 853 1018 921 semine,
1059 854 1149 904 sed
1190 854 1246 904 in
1285 853 1588 923 longiorem
1631 856 1878 921 speratur

196 930 444 978 aetatem.
509 928 553 978 si
594 925 867 978 uei-mibus
910 930 1217 995 occupatur,
1258 927 1384 979 stilo
1420 945 1575 979 aereo
1607 928 1876 997 purgandi
1895 926 1966 978 20

195 1004 322 1051 sunt
378 1004 432 1052 et
488 1018 705 1051 amurca
759 1001 845 1051 uel
899 1001 1136 1052 humana
1181 1004 1365 1053 uetere
1412 1001 1569 1053 urina
1616 1002 1702 1053 uel
1751 1002 1879 1053 uiua

195 1073 338 1126 calce
378 1074 748 1142 perfundendi,
790 1075 881 1125 sed
920 1075 1134 1142 parcius
1171 1078 1393 1143 propter
1426 1075 1633 1127 arboris
1667 1094 1877 1140 noxam,

193 1148 280 1199 uel
315 1167 455 1216 aqua
488 1148 696 1200 decocti
729 1147 922 1215 lupini:
958 1149 1048 1200 sed
1082 1152 1308 1217 putatur
1338 1149 1464 1201 hinc
1491 1150 1651 1200 arbor
1677 1149 1877 1201 sterilis

194 1220 325 1273 fieri.
387 1222 546 1273 fimus
589 1225 641 1273 et
682 1222 814 1274 cinis
856 1223 1052 1273 uitium
1095 1223 1271 1290 simul7
1312 1223 1357 1274 si
1397 1223 1668 1274 radicibus
1701 1222 1877 1275 infun-

194 1295 411 1362 dantur,
458 1296 694 1349 fertilem
735 1295 974 1347 reddunt.
1055 1297 1099 1348 si
1138 1295 1394 1348 formicae
1436 1297 1695 1348 molestae
1737 1296 1962 1365 sunt721

195 1370 410 1422 rubrica
460 1388 581 1422 cum
630 1373 782 1422 aceto
832 1373 884 1420 et
941 1373 1115 1422 cinere
1173 1373 1475 1438 temperata
1528 1372 1879 1423 necabuntur.

195 1444 241 1494 si
280 1462 443 1511 poma
483 1444 760 1506 labuntur,
807 1443 1042 1496 frustum
1091 1445 1153 1495 de
1204 1445 1317 1495 eius
1358 1444 1536 1496 radice
1577 1445 1879 1512 praecisum

192 1517 249 1568 in
281 1518 458 1568 media
490 1517 667 1570 trunci
700 1521 855 1586 parte
888 1519 1103 1587 figatur.
1166 1518 1424 1570 inseritur
1457 1537 1636 1570 mense
1670 1518 1879 1570 februa-

192 1592 273 1643 rio
315 1592 371 1643 in
411 1610 466 1643 se
509 1595 562 1643 et
601 1593 657 1643 in
696 1591 813 1660 piro
857 1595 911 1643 61
950 1593 1006 1643 111
1046 1592 1201 1644 melo.
1267 1593 1515 1644 surculus
1549 1596 1731 1644 tamen
1765 1593 1877 1645 eius

194 1683 256 1716 ex
299 1666 488 1717 arbore
531 1667 707 1717 media
746 1666 904 1717 debet
945 1667 1178 1717 adsumi:
1217 1685 1343 1717 nam
1378 1667 1438 1718 de
1474 1667 1878 1718 summitatibus

193 1739 426 1791 uitiosus
468 1743 564 1791 661.
634 1741 690 1790 in
729 1743 921 1791 trunco
962 1741 1090 1791 fisso
1131 1741 1412 1791 inserenda
1454 1745 1558 1792 est:
1598 1759 1725 1792 nam
1768 1759 1879 1793 cor-

191 1812 313 1865 ticis
355 1814 552 1865 macies
592 1814 773 1865 ieiuna
805 1813 881 1864 nil
913 1815 1132 1865 nutriet.
1195 1815 1424 1882 mespila
1456 1815 1522 1865 ad
1555 1815 1876 1866 seruandum
1894 1814 1965 1866 22

191 1887 448 1955 leguntur
494 1888 720 1939 necdum
769 1887 946 1957 mitia,
988 1905 1129 1955 >quae
1170 1892 1224 1939 et
1263 1888 1320 1938 in
1361 1888 1551 1940 arbore
1593 1889 1683 1940 diu
1724 1889 1878 1940 dura—

191 1962 328 2011 bunt
366 1961 452 2012 uel
500 1961 556 2012 in
603 1962 833 2013 urceolis
874 1960 1068 2028 picatis
1109 1962 1196 2013 uel
1238 1962 1292 2012 in
1335 1961 1576 2013 ordinem
1618 1981 1878 2031 suspensa

193 2035 301 2099 1161,
349 2038 410 2085 111
459 2035 698 2102 quidam,
745 2053 908 2102 posca
957 2035 1184 2087 condita.
1265 2036 1348 2086 die
1400 2054 1587 2088 serena
1626 2037 1878 2105 legantur

193 2127 253 2160 ac
293 2109 470 2160 media
511 2114 564 2160 et
605 2109 773 2176 paleis
816 2109 1117 2161 obruantur
1158 2109 1402 2178 discreta,
1442 2129 1508 2162 ne
1543 2129 1605 2162 ea
1635 2111 1878 2162 uicissim

192 2185 372 2235 tactus
421 2183 651 2235 adficiat.
729 2183 815 2234 uel
865 2202 986 2234 cum
1031 2184 1289 2251 pediculis
1338 2184 1479 2235 lecta
1528 2185 1878 2236 semimatura

193 2259 248 2307 et
289 2257 431 2308 salsa
472 2275 612 2324 aqua
644 2276 740 2325 per
773 2257 886 2308 dies
921 2258 1154 2326 quinque
1188 2262 1459 2309 macerata
1490 2261 1683 2341 postea
1716 2277 1874 2327 sapae

313 2406 333 2443 1
367 2401 530 2444 DEMS
562 2402 750 2444 PILVM
775 2402 832 2455 L
865 2401 944 2443 DE
978 2401 1235 2446 MESPILO
1269 2404 1318 2445 E
1343 2404 1348 2459 Ι
1377 2402 1563 2470 Mespili
1594 2403 1670 2446 Es
1695 2405 1707 2458 Η
1734 2408 1757 2444 2
1792 2402 1873 2445 sed

189 2458 377 2515 irriguis
408 2463 579 2504 tamen
620 2460 808 2517 frigidis
840 2475 860 2504 3
884 2463 897 2516 Η
924 2466 948 2503 3
983 2464 1123 2517 atque
1149 2476 1236 2517 pro
1270 2465 1351 2505 aut
1384 2476 1496 2519 2098
1539 2463 1543 2517 Ι
1588 2462 1750 2517 glarea
1781 2462 1831 2504 E
1859 2461 1874 2520 Η

189 2524 217 2561 4
248 2518 385 2562 taleis
418 2534 500 2563 om.
521 2535 556 2575 p
587 2523 600 2576 Η
634 2525 657 2563 6
691 2522 744 2563 ut
775 2534 857 2563 om.
892 2521 934 2562 V
958 2521 962 2575 Ι
990 2520 1086 2563 tale
1122 2521 1164 2564 G
1188 2524 1201 2577 Η
1234 2526 1256 2563 7
1291 2521 1444 2577 potari
1477 2521 1521 2562 P
1542 2522 1555 2575 Η
1590 2527 1614 2563 8
1648 2520 1769 2563 inter
1800 2534 1872 2563 ra-

191 2577 317 2620 dices
350 2579 392 2621 V
411 2580 424 2634 Η
450 2583 474 2621 9
508 2582 751 2635 separatur
783 2580 858 2622 E1
883 2581 896 2634 Η
924 2584 976 2622 10
1011 2594 1152 2623 aeneo
1187 2580 1232 2626 S
1267 2594 1378 2623 eneo
1405 2581 1454 2622 E
1475 2582 1488 2635 Η
1516 2584 1568 2621 13
1603 2579 1762 2634 aliqua
1787 2581 1832 2622 P
1864 2579 1869 2638 Ι

191 2636 229 2679 61
255 2651 342 2692 pro
375 2638 456 2680 sed
488 2653 584 2694 acy
606 2640 623 2693 Η
647 2644 699 2681 17
733 2638 936 2681 fructum
968 2639 1049 2693 El,
1084 2642 1154 2682 161
1184 2628 1254 2682 Ε2
1285 2654 1428 2694 sapia
1451 2641 1465 2694 Η
1492 2642 1544 2680 18
1579 2638 1762 2694 figimus
1789 2653 1825 2694 J)
1856 2639 1859 2695 1

192 2701 244 2738 19
293 2695 342 2738 111
387 2696 511 2739 malo
551 2697 621 2740 E2
631 2712 757 2754 (ceys
803 2700 816 2752 Η
865 2702 918 2739 20
961 2676 1101 2740 delict
1142 2712 1223 2741 om.
1268 2698 1308 2741 G
1355 2700 1368 2754 ΙΙ
1416 2703 1467 2739 21
1518 2696 1740 2740 1111106161111
1779 2698 1861 2755 ΕΙ

191 2759 244 2796 22
277 2754 396 2797 nihil
433 2756 474 2798 G-
497 2758 511 2811 Η
545 2761 597 2799 25
631 2770 776 2812 pusca
813 2756 1001 2813 QGTz
1034 2760 1199 2813 postea
1232 2758 1311 2802 ΕΙ
1347 2757 1423 2800 uel
1457 2770 1571 2812 sapa
1599 2763 1700 2811 post
1730 2770 1873 2822 posca

190 2814 321 2858 addit
352 2829 393 2869 a,
429 2815 474 2872 [x
478 2815 519 2857 61
552 2817 684 2873 sapa]
719 2829 805 2872 cys
833 2817 838 2871 Ι
868 2816 1061 2858 serenda
1094 2817 1142 2858 E
1169 2819 1173 2871 Ι
1208 2815 1416 2872 ligantur
1448 2817 1489 2858 L
1522 2818 1534 2870 Η
1577 2820 1630 2858 26
1665 2815 1873 2858 uicissim

189 2872 379 2916 —lecta
419 2888 501 2917 om.
528 2874 579 2916 Ε
622 2876 636 2929 Η
682 2880 737 2918 28
779 2888 918 2930 sapae
958 2876 1061 2930 PS,
1112 2889 1221 2931 sape
1246 2852 1434 2931 t³QGE,
1484 2888 1598 2930 sapa
1633 2875 1683 2930 T,
1734 2888 1871 2931 saepe

189 2933 321 2976 cete-ri
