2072 3145
721 105 916 150 AGRIC.
941 106 1005 148 III
1030 110 1202 149 29—33
1699 107 1802 158 113

125 230 313 298 pluuia
359 229 613 282 collectas
661 231 900 279 maturas
950 245 1013 278 ex
1059 227 1191 279 locis
1240 227 1556 279 siccioribus
1597 227 1806 279 calcant

125 303 214 358 uel
262 303 570 371 exprimunt
617 306 671 354 et
717 302 844 353 uino
885 299 1115 353 miscent
1155 303 1276 352 octo
1318 301 1622 353 cotularum
1662 319 1806 352 men-

129 395 309 429 suram
328 395 423 444 per
448 376 710 428 amforam
733 375 862 426 uini.
900 375 1041 443 quod
1066 374 1254 426 uinum
1279 375 1573 427 medicinae
1593 392 1804 443 quoque

129 451 384 520 proderit,
423 450 517 502 ubi
559 448 808 519 stypticis
850 453 932 500 est
970 449 1246 501 utendum.
1310 448 1650 500 stomachum
1683 447 1806 501 soli-

81 546 102 578 5
128 527 252 576 dare
292 523 621 576 titubantem
661 523 820 592 solet,
866 522 1184 574 reiectiones
1227 521 1506 591 sanguinis
1546 523 1805 589 inhibere,

127 599 352 650 fluorem
399 598 606 650 uentris
656 596 977 666 astringere,
1031 596 1222 648 limum
1278 596 1637 664 dysintericae
1686 615 1807 665 pas-

128 673 295 725 sionis
336 671 728 724 medicabiliter
768 689 1029 738 asperare.

261 863 358 915 VT
398 862 851 916 PROPOMATA
893 860 1172 914 SPONTE
1213 861 1678 915 NASOANTVR.

241 966 533 1020 Conditum
571 967 658 1019 uel
700 966 1095 1018 absinthiatum
1127 966 1213 1018 uel
1246 969 1489 1018 rosatum
1521 965 1608 1017 uel
1684 965 1898 1018 XXXII

65 1063 106 1094 10
131 1041 421 1094 uiolacium
453 1041 740 1109 procedere
774 1044 966 1108 sponte
991 1040 1165 1092 fertur
1191 1058 1253 1092 ex
1278 1040 1500 1107 uitibus,
1531 1043 1594 1091 ut
1617 1044 1810 1091 natura

133 1115 409 1183 suscipiat,
442 1116 584 1183 quod
619 1132 906 1183 procurare
940 1115 1118 1166 sueuit
1150 1114 1432 1184 industria,
1465 1114 1510 1166 si
1538 1117 1811 1166 sarmenta

131 1190 187 1240 in
211 1207 307 1241 uas
333 1190 551 1257 aliquod
577 1189 930 1256 semiplenum
957 1187 1281 1257 supradictis
1300 1188 1616 1256 potionibus
1636 1206 1812 1240 mersa

132 1265 415 1315 seruentur
463 1267 516 1314 et
562 1263 745 1314 uiuam
790 1265 991 1314 terram
1040 1262 1202 1314 simul
1249 1263 1490 1314 resoluas
1542 1263 1606 1314 ad
1647 1262 1812 1314 lexiui

132 1337 365 1405 modum,
398 1337 565 1388 donec
599 1335 740 1389 oculi
773 1340 1172 1388 sarmentorum
1202 1336 1447 1388 nitantur
1480 1336 1646 1388 exire:
1683 1339 1811 1388 tunc

66 1432 106 1464 15
134 1411 316 1463 eadem
373 1414 646 1462 sarmenta
700 1410 1059 1479 gemmantia,
1112 1410 1169 1461 in
1225 1429 1330 1478 quo
1385 1410 1622 1462 uolueris
1678 1410 1813 1477 locO,

132 1485 327 1537 uitium
369 1489 669 1537 ceterarum
708 1502 856 1536 more
899 1484 1150 1553 deponas,

195 1676 292 1729 VT
332 1675 522 1729 VITIS
562 1675 1006 1729 BOTRYONES
1049 1676 1259 1728 VARII
1298 1674 1762 1730 NASOANTVR..

241 1779 318 1831 Vt
363 1780 493 1831 uitis
540 1780 833 1848 botryones
874 1783 928 1831 et
968 1780 1120 1831 albos
1163 1777 1369 1831 adferre
1409 1780 1586 1848 possit
1661 1779 1903 1832 XXXIII

133 1857 187 1905 et
225 1854 427 1923 nigros7
469 1852 660 1905 Graeci
694 1854 769 1906 sic
801 1854 920 1905 fieri
952 1853 1142 1905 debere
1175 1853 1464 1905 iusserunt.
1526 1854 1571 1906 si
1602 1855 1816 1907 uicinae

64 1950 108 1980 20
134 1929 242 1980 sint
295 1928 435 1979 uites
489 1927 646 1996 nigra
702 1931 755 1979 et
811 1928 974 1996 alba,
1021 1945 1142 1979 cum
1195 1930 1483 1995 putantur,
1540 1933 1818 1981 sarmenta

133 2002 414 2070 utriusque
455 2002 598 2053 inter
639 2020 693 2053 se
735 2001 909 2053 diuisa
951 2002 1026 2053 sic
1066 2001 1245 2070 iunge,
1284 2005 1346 2053 ut
1379 2002 1587 2054 medios
1621 2003 1819 2055 utrius-

136 2094 236 2143 que
284 2076 495 2145 generis
545 2076 728 2127 oculos
778 2075 1053 2143 aequando
1102 2075 1320 2127 reddere
1366 2076 1544 2144 possis
1593 2077 1819 2128 unitati:

135 2154 262 2202 tunc
294 2167 500 2218 papyro
533 2149 732 2219 ligabis
766 2149 956 2201 stricto
991 2152 1045 2201 et
1076 2149 1229 2201 molli
1262 2153 1424 2218 atque
1457 2150 1641 2202 umida
1673 2155 1820 2203 terra

257 2314 278 2351 1
315 2311 363 2351 et
393 2323 478 2363 pro
508 2323 563 2352 ex
587 2323 675 2366 cys
699 2311 712 2364 Η
738 2314 764 2350 4
791 2308 1073 2365 styppicisL,
1109 2308 1287 2365 stipicis
1322 2309 1358 2365 Q
1381 2311 1395 2364 ΙΙ
1422 2315 1445 2351 5
1480 2309 1600 2353 solet
1631 2323 1713 2353 orm.
1740 2311 1759 2352 z'
1781 2316 1821 2354 et

136 2382 285 2411 omnes
310 2369 478 2411 codices
500 2374 683 2423 praeter
708 2368 800 2411 SE
822 2370 835 2424 ΙΙ
861 2372 885 2409 6
918 2367 1070 2410 uentis
1105 2367 1451 2424 adst-ringerent
1482 2369 1528 2410 P
1553 2370 1558 2425 Ι
1588 2367 1822 2412 disinteri-

137 2440 221 2469 cae
254 2427 354 2481 SF,
389 2426 693 2470 dissenteriae
718 2428 777 2481 E,
814 2427 1133 2482 dysentericae
1165 2430 1261 2484 9311
1288 2432 1309 2469 7
1346 2426 1551 2483 aspirare
1583 2427 1730 2470 fertur
1759 2429 1778 2470 z·
1808 2428 1823 2486 Η

140 2491 164 2528 9
200 2485 462 2528 absentium
485 2486 697 2542 PLQF,
741 2485 995 2528 absint-ium
1020 2486 1064 2541 S,
1100 2485 1388 2529 absinthium
1420 2487 1517 2529 VE
1531 2486 1584 2539 G,
1629 2486 1822 2529 absinti-

139 2544 262 2588 cium
298 2545 347 2598 T,
391 2544 717 2600 abscynthium
748 2547 786 2599 i,
829 2545 1210 2600 abscynthiatum
1250 2561 1279 2588 α
1325 2547 1338 2600 ΙΙ
1387 2550 1440 2588 10
1481 2545 1734 2588 uiola-cium
1771 2546 1821 2602 Q,

138 2603 389 2647 uiolatium
421 2605 516 2647 PL
534 2604 616 2647 VS
629 2606 669 2647 T
677 2604 730 2658 G,
764 2603 989 2646 violatum
1020 2606 1152 2648 ceteri
1197 2607 1210 2660 ΙΙ
1259 2609 1311 2646 11
1347 2603 1568 2660 suscipiet
1600 2605 1642 2647 V
1672 2604 1676 2661 Ι
1718 2618 1823 2648 con-

142 2662 296 2706 sueuit
326 2663 412 2718 Ep
451 2665 464 2718 Η
505 2667 558 2705 13
591 2666 644 2706 ut
668 2677 755 2719 pro
789 2666 835 2705 et
867 2663 1101 2719 LSEGP
1137 2667 1140 2719 Ι
1177 2663 1391 2705 reuoluas
1424 2664 1474 2706 Ε
1511 2666 1516 2718 Ι
1550 2663 1729 2706 lexiuiii
1761 2665 1822 2719 Ε,

140 2721 293 2764 lixiuii
325 2737 450 2778 acy-s
481 2725 495 2777 Η
537 2727 588 2765 15
622 2721 906 2779 gemmentia
938 2723 1004 2765 Vl
1036 2726 1049 2778 Η
1091 2728 1144 2765 16
1179 2725 1437 2765 ceterarum
1469 2736 1550 2765 om.
1572 2737 1607 2777 p
1635 2724 1639 2779 Ι
1670 2722 1822 2779 dispo-

140 2795 225 2823 nas
258 2781 317 2835 E,
353 2781 553 2837 deponet
580 2796 614 2836 p
659 2784 673 2837 Η
722 2786 774 2824 17
807 2780 961 2824 VITIS
994 2796 1074 2825 om.
1106 2782 1230 2826 GE&
1268 2782 1273 2839 Ι
1312 2780 1651 2823 BOTRIONES
1688 2782 1785 2838 QV
1810 2782 1824 2832 Η

144 2844 198 2882 18
238 2839 474 2883 botriones
508 2840 589 2883 VS
632 2843 645 2896 ΙΙ
693 2845 747 2882 20
793 2842 900 2882 sunt
931 2842 1195 2897 LEc'cccys
1247 2842 1251 2897 Ι
1304 2841 1443 2882 etaba
1475 2842 1538 2895 L,
1580 2840 1743 2897 nigrae
1778 2844 1825 2884 et

145 2898 279 2941 albae
298 2899 366 2957 ΠΙ
384 2904 436 2941 21
456 2898 619 2955 iunges
634 2900 816 2956 Eacys
864 2904 917 2941 22
938 2900 1147 2955 aequado
1165 2899 1376 2942 reddens.
1405 2899 1596 2942 reddere
1612 2899 1762 2955 possis
1776 2901 1827 2943 E

231 2982 465 3013 PALLAmvs
491 2982 547 3013 ed.
574 2982 787 3013 Schmitt.
1532 2979 1556 3016 8
