2014 3169
179 144 248 195 96
879 135 1161 180 PALLADH

176 263 349 316 uincit
399 265 452 313 et
501 260 709 312 robore.
789 256 944 309 cliuis
994 256 1291 308 delectatur
1335 258 1389 305 et
1427 254 1546 305 ideo
1586 253 1864 322 ponendae

180 341 306 390 sunt
352 336 571 405 plantae
621 351 717 401 per
754 331 1009 400 puluinos
1051 347 1310 381 arearum.
1390 328 1589 397 gaudet
1630 330 1863 378 stercore

181 416 235 463 et
283 409 657 463 sarculatione.
737 405 911 457 rarius
958 404 1170 472 positus
1217 402 1558 455 conualescit.
1638 400 1863 453 celerius

182 488 442 553 coquetur
482 482 660 534 uirore
703 483 942 546 seruatO,
984 477 1052 545 si,
1094 479 1220 529 dum
1260 480 1342 528 est
1381 477 1548 527 trium
1586 475 1674 526 uel
1715 477 1866 542 quat-

181 564 306 611 tuor
339 557 610 617 foliorum,
646 555 852 606 nitrum
883 553 1076 604 tritum
1109 551 1331 604 cribello
1367 551 1592 617 desuper
1624 566 1864 617 spargas,
1912 567 1931 600 5

182 636 243 685 ut
285 632 519 701 speciem
551 629 776 698 pruinae
810 627 1051 678 canentis
1084 625 1343 677 imitetur.
1405 623 1705 677 Columella
1736 622 1866 674 dicit

181 706 493 776 plantarum
533 703 736 754 radices
780 702 904 770 alga
943 700 1151 751 marina
1187 698 1540 751 inuoluendas
1575 697 1867 749 seruandae

181 780 476 833 uiriditatis
512 796 672 830 causa
704 777 831 827 fimo
867 775 1024 827 simul
1054 773 1393 825 adhaerente.
1438 772 1714 840 ponendae
1742 774 1868 823 sunt

182 855 400 923 plantae
441 852 661 904 maioris
702 850 1042 915 incrementi,
1084 848 1231 916 quia,
1270 848 1398 898 licet
1439 846 1610 897 serius
1652 863 1870 913 conpre-

183 930 437 996 hendant,
477 925 732 978 fortiores
772 924 917 976 fient.
983 923 1027 973 si
1069 921 1242 973 hiems
1276 925 1373 987 est,
1414 920 1596 988 tepido
1629 919 1738 970 iam
1770 919 1937 986 die710

187 1004 232 1055 si
289 1005 488 1064 aestaS,
545 1018 666 1052 cum
723 998 803 1050 sol
857 998 914 1049 in
967 1014 1250 1064 uesperam
1307 995 1629 1061 declinatur,
1683 993 1871 1061 planta

185 1076 467 1146 pangenda
508 1077 602 1126 est.
665 1071 876 1125 uastior
915 1071 1024 1139 fiet,
1065 1073 1109 1122 si
1149 1073 1294 1121 terra
1327 1068 1604 1137 operiatur
1637 1067 1870 1118 adsidue.

187 1170 370 1203 semen
401 1149 672 1202 brassicae
705 1150 985 1199 uetustum
1018 1147 1261 1196 mutatur
1292 1144 1349 1195 in
1373 1161 1517 1211 rapa.
1561 1142 1665 1193 hoc
1690 1159 1872 1193 mense

186 1229 312 1294 post
366 1225 486 1276 idus
543 1222 794 1291 sfongeas
850 1237 1240 1288 asparagorum
1286 1218 1374 1269 uel
1419 1234 1590 1269 nouas
1637 1215 1873 1267 formare

187 1299 507 1367 incipiemus
564 1315 628 1348 ex
683 1295 884 1347 semine
939 1294 1027 1346 uel
1080 1293 1331 1360 antiquas
1383 1308 1660 1359 ponemus
1738 1289 1874 1342 mihi
1900 1307 1941 1339 15

191 1375 356 1426 etiam
409 1372 543 1434 illud
597 1369 732 1422 utile
786 1368 1003 1420 uidetur
1058 1386 1118 1419 ac
1185 1366 1414 1435 diligens
1428 1406 1441 1432 7
1502 1368 1563 1416 ut
1625 1364 1875 1433 asparagi

191 1445 423 1517 agrestis
465 1445 671 1497 radices
711 1444 971 1512 plurimas
1011 1442 1069 1493 in
1107 1459 1274 1493 unum
1305 1441 1486 1491 locum
1520 1456 1874 1507 congeramus

192 1523 400 1575 cultum
440 1520 527 1572 uel
569 1522 711 1571 certe
754 1535 1021 1579 saxosum,
1065 1534 1199 1583 quae
1243 1515 1432 1566 statim
1471 1515 1709 1566 fructum
1750 1513 1878 1565 dent

193 1615 258 1648 ex
301 1596 446 1663 1000,
496 1594 587 1662 qui
635 1592 780 1644 aliud
825 1591 904 1642 nil
946 1591 1148 1657 alebat,
1197 1593 1250 1640 et
1289 1589 1387 1640 lias
1429 1588 1582 1639 annis
1625 1587 1877 1639 omnibus

191 1670 537 1723 incendamus
586 1669 643 1719 in
691 1665 890 1734 scopiS‚
941 1668 1003 1716 ut
1049 1665 1259 1716 fructus
1307 1662 1640 1730 frequent-ior
1688 1663 1877 1731 surgat
1903 1678 1945 1709 20

195 1749 248 1797 et
301 1744 512 1797 fortior.
587 1742 691 1794 hoc
747 1743 930 1792 autem
984 1756 1153 1808 genus
1210 1740 1291 1789 est
1340 1755 1529 1804 sapore
1577 1735 1875 1789 iucundius

193 1837 336 1871 nunc
384 1817 548 1869 etiam
593 1816 772 1867 malua
812 1815 918 1866 seri
958 1816 1152 1881 potest.
1232 1815 1471 1863 mentam
1511 1828 1722 1879 quoque
1763 1827 1879 1861 sere

194 1892 395 1962 plantis
460 1891 547 1943 uel
608 1889 879 1942 radicibus
942 1888 1062 1940 loco
1118 1886 1300 1938 umido
1356 1886 1442 1937 uel
1495 1885 1638 1937 circa
1699 1901 1881 1952 aquas.

197 1967 439 2035 apricum
480 1964 655 2017 solum
693 1982 792 2016 nec
830 1962 1030 2032 pingue
1068 1980 1167 2014 nec
1208 1962 1567 2012 stercoratum
1599 1957 1882 2011 desiderat.

197 2042 301 2093 hoc
362 2057 544 2092 mense
602 2038 897 2090 feniculum
956 2054 1099 2088 seres
1154 2035 1273 2087 loco
1330 2034 1511 2102 aprico
1568 2036 1621 2084 et
1676 2032 1883 2085 modice
1909 2050 1951 2083 25

321 2176 342 2213 1
376 2170 559 2223 rubore,
593 2168 674 2223 qui
707 2167 841 2211 cliuis
861 2182 895 2223 p
924 2167 928 2225 Ι
959 2166 1106 2210 caulis
1125 2180 1212 2221 pro
1238 2164 1374 2208 cliuis
1392 2165 1442 2208 E
1468 2167 1473 2219 Ι
1503 2166 1550 2207 et
1573 2163 1886 2206 ideo—area-

200 2246 302 2274 rum
341 2243 422 2272 om.
461 2244 496 2284 2)
540 2232 544 2284 Ι
589 2227 731 2271 etiam
765 2240 851 2282 pro
893 2230 939 2270 et
978 2227 1028 2269 E
1070 2228 1084 2282 ΙΙ
1132 2231 1156 2267 2
1189 2224 1409 2268 bulbinos
1447 2222 1692 2280 QVTGz‘,
1731 2221 1887 2278 pulbi-

203 2291 284 2333 dos
333 2289 382 2332 E
433 2291 446 2345 ΙΙ
502 2293 526 2331 3
582 2286 790 2344 posisitis
843 2300 935 2328 non
983 2284 1183 2328 ualescit
1233 2285 1270 2341 Q
1327 2286 1332 2340 Ι
1392 2282 1586 2326 celerius
1606 2280 1889 2324 —imjtetur

203 2364 285 2394 om.
329 2363 363 2404 p
410 2350 425 2406 ΙΙ
471 2352 499 2390 4
548 2346 760 2401 coquitur
811 2345 1156 2402 QSlEiacys,
1204 2345 1403 2400 ponetur
1455 2343 1496 2386 T
1541 2342 1545 2399 Ι
1596 2341 1697 2384 uiro
1744 2354 1888 2384 reser-

202 2411 314 2451 uato
348 2408 456 2463 LQ,
490 2406 651 2463 uigore
684 2408 868 2449 seruato
896 2419 930 2460 p
969 2407 982 2460 ΙΙ
1023 2409 1047 2446 5
1081 2403 1255 2446 nitrum
1287 2403 1365 2458 ΕΙ
1395 2401 1575 2458 spargis
1607 2401 1694 2456 Ep
1733 2403 1747 2457 ΙΙ
1783 2405 1808 2443 6
1842 2401 1890 2443 et

198 2482 285 2524 pro
318 2470 369 2509 ut
402 2466 547 2523 PLQ
568 2465 704 2510 VSE
718 2465 835 2508 TFz·
863 2466 867 2520 Ι
897 2462 1141 2506 candentis
1174 2477 1269 2520 acy
1293 2464 1306 2518 ΙΙ
1339 2466 1365 2504 8
1397 2461 1618 2504 haerente
1643 2475 1678 2516 p
1701 2462 1716 2516 ΙΙ
1743 2464 1794 2502 11
1829 2459 1891 2502 ad

204 2540 449 2583 uesperam
476 2540 510 2581 p
534 2528 547 2581 ΙΙ
574 2530 626 2567 12
660 2523 877 2581 ponenda
905 2523 954 2565 E
981 2524 986 2580 Ι
1016 2522 1202 2565 assiduo
1233 2538 1255 2566 s
1278 2524 1292 2577 ΙΙ
1319 2526 1372 2563 13
1406 2518 1890 2564 semen—iucundius

205 2601 286 2631 om.
310 2601 343 2641 p
372 2589 377 2640 Ι
412 2584 654 2628 brassidae
688 2585 738 2635 V,
772 2581 998 2625 brassisse
1031 2583 1080 2624 F
1119 2583 1123 2639 Ι
1172 2582 1220 2624 in
1252 2594 1413 2637 rapam
1450 2580 1518 2623 Ga·
1556 2582 1570 2636 ΙΙ
1612 2583 1667 2622 14
1697 2578 1890 2634 fongeas

207 2647 301 2689 PL
316 2646 430 2701 QE,
474 2643 689 2699 sfongeas
722 2643 856 2697 SGz‘,
899 2641 1119 2697 spongias
1153 2654 1280 2697 acqs
1325 2642 1339 2695 ΙΙ
1390 2644 1442 2681 16
1477 2639 1596 2681 illud
1636 2653 1717 2682 om.
1748 2637 1849 2682 GE
1882 2636 1887 2693 Ι

208 2705 301 2747 uile
335 2704 484 2747 LTG
522 2706 535 2759 ΙΙ
570 2708 621 2746 17
658 2701 832 2758 agresti
865 2701 1133 2756 PLQVE·
1161 2703 1174 2756 ΙΙ
1216 2705 1268 2742 18
1304 2713 1526 2741 saxonum
1558 2698 1608 2741 E
1636 2701 1650 2754 ΙΙ
1687 2702 1740 2740 19
1772 2694 1892 2739 nihil

209 2765 307 2807 LG
338 2766 351 2819 ΙΙ
390 2767 443 2805 20
476 2761 704 2805 fructibus
738 2763 780 2804 L
809 2763 814 2817 Ι
842 2762 1054 2815 resurgat
1090 2760 1138 2802 Ε
1173 2762 1186 2815 ΙΙ
1227 2764 1278 2801 21
1314 2757 1560 2801 iocundius
1594 2755 1850 2813 LQGTE
1878 2755 1895 2813 ΙΙ

211 2829 264 2865 22
298 2823 506 2865 Mentam
539 2835 721 2876 quoque
756 2834 855 2863 sere
889 2832 1008 2874 quae
1041 2819 1101 2874 pl.
1136 2818 1234 2861 rad.
1271 2820 1447 2861 stercus
1489 2815 1738 2860 desiderat.
1794 2814 1894 2858 Hoc

210 2895 366 2983 meplse
398 2887 474 2948 etc.
503 2896 538 2937 p
584 2884 598 2937 ΙΙ
646 2886 700 2923 25
732 2880 819 2922 hoc
852 2878 954 2922 loco
988 2878 1078 2922 fen.
1106 2893 1142 2934 1)
1189 2880 1200 2937 Ι
1250 2879 1295 2921 et
1335 2891 1416 2921 om.
1439 2892 1474 2932 p
1523 2879 1529 2934 Ι
1579 2874 1780 2918 maxime
1807 2887 1895 2930 pro

210 2955 285 2984 mo
323 2954 392 2983 loe
424 2956 441 2982 z
