2072 3145
675 127 870 174 AGRIC.
894 128 1024 172 ΧΠΠ
1048 132 1280 171 137—170
1403 178 1408 182 5
1706 125 1815 178 269

713 295 812 348 DE
853 292 1220 347 PISTACIIS.

204 402 345 465 Quin
384 404 437 453 et
478 400 825 470 amygdaleos
867 398 1100 450 subeunt
1138 396 1369 465 pistacia
1406 414 1588 450 ramos

277 479 331 528 et
370 475 624 527 meritum
663 473 838 525 maius
880 473 942 523 de
983 471 1252 523 breuitate
1292 473 1501 539 petunt.

201 550 335 602 haec
375 553 430 601 et
470 551 702 618 cognato
745 547 965 616 cingens
1005 544 1344 597 terebinthus
1385 544 1590 598 amictu

82 645 104 678 5
274 623 449 676 nutrit
489 621 759 691 adoptiuis
798 620 1137 673 nobilitanda
1177 618 1359 671 comis,
1838 617 1944 670 160

699 812 797 864 DE
839 810 1243 865 CASTANEA.

202 919 542 973 Flumineam
582 917 802 970 salicem
840 915 1132 968 fecundant
1172 915 1339 966 ardua
1377 913 1622 966 membra

278 996 560 1047 castaneae
601 995 655 1045 ct
694 991 867 1042 multo
908 993 1066 1058 pasta
1105 989 1314 1057 liquore
1354 988 1559 1058 uigent.

788 1181 885 1235 DE
928 1178 1145 1234 NVOE.

63 1310 105 1342 10
202 1288 475 1342 Arbuteas
516 1287 732 1339 frondes
766 1289 954 1338 uastae
993 1285 1145 1337 nucis
1188 1286 1416 1352 occupat
1453 1284 1649 1335 umbra

275 1380 540 1432 pomaque
582 1361 680 1413 sub
721 1358 923 1428 duplici
964 1359 1162 1411 cortice
1203 1361 1324 1410 tuta
1363 1357 1543 1410 refert.

203 1524 408 1593 Cetera,
450 1542 585 1592 quae
627 1523 818 1575 sollers
859 1539 1116 1590 processu
1156 1520 1416 1590 temporis
1456 1539 1588 1573 usus
1832 1519 1939 1573 165

276 1599 541 1668 exprimet
581 1597 842 1665 exemplis
881 1596 1167 1647 instituere
1206 1596 1378 1647 nouis

200 1674 334 1726 haec
375 1675 459 1726 sat
499 1671 602 1724 erit
640 1674 858 1723 tenuem
898 1688 1059 1721 uersu
1099 1687 1426 1721 memorasse
1466 1672 1700 1738 poetam,

61 1767 103 1800 15
275 1765 435 1816 quem
473 1745 626 1797 iuuat
665 1744 846 1796 effossi
886 1747 1041 1813 terga
1080 1761 1298 1796 mouere
1339 1742 1456 1796 soli.

203 1820 443 1874 carmina
482 1822 543 1871 tu
583 1819 743 1870 duros
785 1818 927 1870 inter
956 1817 1203 1869 formata
1241 1818 1489 1870 bidentes

277 1912 468 1962 aspera
509 1893 600 1945 sed
640 1892 763 1944 miti
802 1891 1108 1944 rusticitate
1148 1891 1282 1960 lege.
1833 1891 1941 1943 170

248 2059 270 2097 1
290 2053 359 2097 De
376 2052 608 2096 Pistachis
624 2053 682 2096 Η
700 2055 714 2109 ll
739 2057 763 2095 2
784 2051 1071 2108 amigdoleos
1089 2052 1146 2106 A,
1175 2051 1461 2108 amigdaleos
1480 2052 1542 2106 D,
1569 2050 1812 2109 amingda-

127 2113 224 2157 leos
253 2113 311 2156 H
340 2114 346 2169 1
380 2112 614 2169 pistachia
637 2112 784 2168 ΒΗΙΙ
817 2117 841 2154 3
877 2111 1087 2155 debitum
1121 2111 1342 2168 CBiacy
1377 2111 1382 2169 Ι
1416 2110 1574 2154 ferunt
1603 2111 1801 2170 ADH!

127 2178 156 2216 4
179 2171 473 2217 therebintus
490 2172 656 2214 ΑΒΗ
674 2173 687 2228 ΙΙ
714 2176 736 2214 7
763 2170 1055 2214 Fulmineam
1072 2172 1119 2214 D
1143 2173 1157 2227 Η
1183 2175 1207 2214 8
1225 2170 1489 2214 multumD
1518 2171 1524 2228 l
1552 2169 1715 2228 uigore
1730 2171 1788 2214 H
1797 2171 1800 2229 Λ

131 2236 187 2275 14
217 2231 348 2276 tenui
382 2231 633 2290 GBiacqs
656 2233 670 2288 ΙΙ
697 2235 748 2274 17
782 2230 910 2287 leges
943 2231 1258 2288 DCBiacys
