2014 3169
178 116 249 167 42
877 113 1159 156 PALLADH

101 239 138 289 2
178 240 403 305 propter
444 239 710 303 armenta,
759 253 916 303 quae,
957 253 1079 287 cum
1118 238 1346 300 teretur,
1391 231 1706 285 inducimus,
1786 232 1859 284 sit

181 312 322 364 circa
360 311 500 362 hanc
538 310 688 362 locus
731 308 867 360 alter
905 308 1099 376 planus
1141 311 1194 360 et
1233 324 1412 376 purUS‚
1458 307 1514 358 in
1554 325 1712 375 quem
1751 305 1860 358 fru-

181 388 362 437 menta
417 383 692 436 transfusa
745 382 1133 451 refrigerentur
1181 385 1234 433 et
1279 380 1488 432 horreis
1535 380 1858 432 inferantur:

182 477 315 527 quae
363 476 447 510 res
493 458 549 509 in
590 475 776 510 eorum
816 456 1164 508 durabilitate
1205 454 1464 524 proficiet.
1533 454 1631 505 fiat
1670 454 1858 506 deinde

180 533 550 600 undecumque
589 531 896 599 proximum
937 533 1158 599 tectum,
1198 528 1430 581 maxime
1462 527 1521 579 in
1550 528 1746 580 umidis
1779 546 1857 580 re·
1907 548 1926 580 5

180 606 454 676 gionibUS,
503 606 601 657 sub
654 623 758 673 quo
805 608 1029 672 propter
1073 604 1275 655 imbres
1325 602 1534 654 subitos
1573 601 1862 667 frumenta,

183 680 229 732 si
277 680 569 732 necessitas
620 679 880 748 coegerit,
935 677 1133 746 raptim
1188 676 1276 729 uel
1326 676 1524 728 munda
1571 675 1656 728 uel
1705 674 1860 728 semi-

179 754 314 806 trita
344 757 630 823 ponantur.
687 754 758 805 sit
790 756 971 804 autem
1002 752 1121 804 loco
1157 750 1376 803 sublimi
1410 753 1463 801 et
1487 749 1859 818 undecumque

180 828 463 897 perflabili,
504 827 665 897 longe
705 829 888 878 tamen
929 826 994 878 ab
1035 826 1227 893 hortis,
1267 824 1440 876 uineis
1482 826 1642 892 atque
1681 841 1862 892 pome-

180 903 266 954 tis.
318 920 444 954 nam
478 901 618 954 sicut
649 901 917 952 radicibus
951 900 1316 968 uirgultorum
1341 901 1568 967 prosunt
1591 897 1860 949 laetamen
1886 919 1928 950 10

182 980 235 1028 et
266 976 467 1045 paleae,
507 977 586 1027 ita
618 975 910 1027 insidentes
944 974 1225 1025 frondibus
1257 973 1356 1025 has
1389 971 1666 1041 perforant
1699 975 1861 1039 atque

182 1069 330 1103 arere
373 1050 697 1118 conpellunt.

655 1241 752 1293 DE
793 1240 1032 1293 APIVM
1074 1238 1391 1293 CASTRIS.

92 1346 356 1400 XXXVII
399 1395 404 1400 ,
482 1347 695 1416 Apibus
753 1345 1045 1397 stationem
1097 1363 1206 1396 non
1261 1344 1422 1413 longe
1478 1361 1508 1394 a
1556 1340 1863 1394 domnicalj-

183 1423 283 1474 bus
331 1422 418 1474 uel
464 1422 521 1473 in
568 1420 715 1473 horti
762 1423 914 1488 parte
960 1423 1166 1472 secreta
1207 1422 1260 1470 et
1300 1417 1482 1486 aprica
1520 1420 1574 1468 et
1614 1434 1645 1467 a
1683 1415 1860 1467 uentis
1889 1436 1930 1469 15

183 1499 390 1548 remota
431 1500 485 1548 et
526 1494 777 1547 calidiore
818 1493 996 1546 locare
1037 1494 1313 1560 debemUS,
1364 1509 1498 1560 quae
1542 1491 1599 1542 in
1639 1490 1863 1558 quadra-

183 1575 296 1622 tam
338 1570 637 1623 constituta
677 1586 984 1620 mensuram
1023 1567 1169 1618 fures
1211 1570 1264 1618 et
1304 1583 1548 1618 accessus
1579 1564 1863 1617 hominum

182 1644 552 1713 pecudumque
602 1643 935 1695 submoueat.
1008 1642 1079 1693 sit
1129 1641 1405 1692 abundans
1445 1639 1684 1706 floribuS,
1729 1655 1862 1706 quos

182 1719 268 1770 uel
316 1719 373 1770 in
417 1718 601 1770 herbis
651 1717 735 1769 uel
782 1717 837 1768 in
877 1715 1162 1768 fruticibus
1206 1715 1290 1766 uel
1329 1715 1387 1765 in
1427 1712 1704 1765 arboribus
1745 1730 1865 1780 pro-

108 1794 142 1845 2
185 1796 334 1845 curet
380 1792 660 1844 industria.
737 1791 933 1842 herbas
981 1789 1189 1842 nutriat
1238 1788 1546 1858 origanum,
1600 1787 1864 1855 thymum,
1890 1808 1932 1838 20

185 1867 478 1935 serpillum,
520 1864 825 1932 satureiam,
866 1863 1231 1932 melisfyllum,
1272 1863 1447 1915 uiolas
1488 1865 1745 1930 agresteS,
1787 1878 1865 1912 as-

183 1941 426 2008 fodilum,
468 1939 833 2009 citreaginem,
873 1957 1195 2006 amaracum,
1235 1936 1604 2006 hyacinthum,
1646 1935 1737 2004 qui
1769 1934 1864 1986 iris

305 2092 323 2128 1
362 2098 649 2142 quecumque
683 2085 726 2127 L
755 2085 759 2139 Ι
788 2083 956 2127 teritur
993 2084 1212 2140 Qiacys,
1246 2085 1455 2126 terentur
1479 2081 1530 2124 F
1549 2083 1562 2137 11
1586 2086 1613 2123 4
1645 2079 1754 2122 inde
1780 2079 1823 2122 L
1855 2079 1861 2137 Ι

185 2151 209 2188 5
243 2145 564 2199 undecumque
603 2145 706 2187 incl.
736 2158 813 2200 93,
854 2157 936 2186 om.
958 2158 992 2199 p
1039 2146 1051 2199 ΙΙ
1100 2148 1123 2185 6
1157 2156 1239 2198 per
1276 2141 1460 2198 ymbres
1494 2141 1544 2184 E
1584 2142 1589 2195 Ι
1632 2139 1867 2182 frumenta

185 2204 363 2248 subitos
405 2205 453 2247 E
496 2207 509 2260 ΙΙ
560 2209 581 2247 7
623 2202 800 2260 cogerit
840 2203 889 2245 E
937 2205 941 2259 Ι
991 2202 1164 2258 raptim
1209 2201 1384 2244 munda
1424 2216 1459 2256 p
1505 2203 1519 2256 ΙΙ
1566 2204 1591 2243 8
1638 2198 1708 2241 Sit
1756 2211 1865 2241 area

184 2263 284 2307 1000
326 2263 399 2318 82,
451 2263 520 2306 Sit
558 2263 646 2306 hoc
685 2262 785 2305 1000
824 2263 881 2317 Τ,
923 2261 994 2311 Sit
1033 2264 1189 2304 autem
1231 2274 1339 2303 area
1377 2259 1478 2302 loco
1511 2274 1560 2313 a,
1603 2257 1673 2301 Sit
1707 2260 1865 2300 autem

186 2324 334 2381 [area]
367 2323 468 2366 loco
502 2338 588 2380 cys
612 2325 625 2379 Η
651 2327 675 2364 9
707 2320 888 2364 fluuiali
922 2321 970 2364 E
991 2323 1004 2376 Η
1032 2326 1085 2363 10
1118 2319 1433 2377 uirguleorum
1466 2319 1515 2362 E
1536 2320 1550 2374 ΙΙ
1579 2323 1627 2360 11
1662 2317 1747 2360 has
1780 2330 1862 2360 om.

184 2384 354 2426 codices
386 2389 425 2426 et
449 2398 505 2438 p,
539 2395 616 2425 eas
648 2382 778 2425 habet
809 2396 857 2436 α,
893 2381 1011 2438 [eas]
1045 2395 1132 2437 698
1175 2383 1179 2435 l
1224 2382 1363 2434 atque
1397 2393 1478 2422 om.
1506 2378 1556 2420 F
1591 2380 1604 2433 Η
1646 2381 1698 2420 12
1733 2388 1864 2419 arare

185 2442 353 2498 LQG‚
389 2455 491 2485 aree
525 2442 583 2497 F,
625 2454 830 2484 arescere
857 2455 891 2495 p
915 2442 928 2496 ΙΙ
958 2446 1010 2482 14
1044 2439 1295 2482 stationem
1326 2453 1407 2481 om.
1435 2438 1484 2480 E
1509 2439 1514 2493 1
1545 2434 1864 2479 adominicali-

184 2502 271 2544 bus
320 2502 482 2556 VTG,
533 2515 559 2543 a
608 2499 915 2543 domicalibus
963 2500 1071 2553 SE,
1123 2513 1149 2541 a
1197 2496 1371 2541 domini
1419 2495 1611 2539 aedibus
1661 2497 1813 2552 iacys
1851 2494 1866 2549 ij

188 2567 241 2603 15
275 2560 350 2604 uel
383 2575 464 2604 om.
491 2575 578 2617 cys
602 2562 616 2616 Η
642 2565 694 2602 16
730 2558 956 2602 calidiora
984 2558 1025 2602 G
1049 2561 1063 2614 ΙΙ
1090 2563 1142 2601 18
1177 2557 1238 2600 sit
1270 2559 1316 2600 et
1341 2556 1585 2599 abundans
1603 2570 1639 2611 p
1662 2556 1676 2611 Η
1702 2558 1755 2596 19
1789 2552 1866 2596 uel

186 2625 308 2671 (ante
338 2619 387 2662 in
418 2619 591 2676 herbis)
624 2633 704 2662 om.
740 2619 964 2674 ›S'Eacys
993 2621 997 2672 Ι
1026 2616 1299 2660 fructicibus
1333 2616 1382 2670 V,
1415 2614 1646 2658 fructibus
1679 2613 1770 2657 SE
1777 2612 1827 2655 F
1852 2612 1867 2669 Η

186 2684 239 2720 21
276 2679 514 2735 serpillum
538 2693 619 2722 om.
648 2679 741 2721 VT
763 2680 768 2734 Ι
797 2676 1080 2732 melisfylum
1106 2678 1155 2730 V,
1180 2675 1463 2719 melisfillum
1486 2674 1567 2731 QS
1579 2673 1683 2727 TF,
1708 2670 1867 2715 meris-

186 2737 332 2780 fillum
368 2739 430 2790 G,
470 2736 770 2780 mellisfillum
803 2737 869 2792 Ε,
910 2735 1259 2792 melisphyllum
1297 2735 1416 2788 edd„
1459 2748 1540 2777 om.
1562 2747 1596 2789 p
1624 2734 1629 2789 Ι
1659 2732 1866 2788 agrestes

186 2811 268 2840 om.
290 2813 325 2852 p
353 2799 357 2853 Ι
388 2797 653 2840 asfodillum
674 2796 727 2850 G,
756 2794 986 2839 asfodium
1006 2797 1064 2849 Ε,
1093 2793 1351 2838 affodillum
1375 2795 1406 2847 i,
1432 2807 1513 2837 om.
1532 2807 1565 2848 p
1589 2794 1603 2848 ΙΙ
1628 2796 1681 2834 22
1709 2787 1867 2833 citria-

186 2855 343 2912 ginem
367 2856 787 2913 LQSTVEGF,
813 2854 1090 2911 citraginem
1119 2868 1264 2911 acys,
1291 2867 1372 2896 om.
1399 2868 1429 2907 p
1457 2854 1462 2909 Ι
1493 2853 1759 2895 amanteum
1785 2849 1832 2892 F
1857 2848 1863 2907 Ι

186 2914 446 2959 iacinthum
483 2916 520 2972 Q
538 2915 701 2968 VGF,
735 2914 987 2957 iacinctum
1018 2914 1052 2958 S
1065 2915 1105 2957 T
1110 2914 1160 2956 Ε
1184 2918 1190 2970 Ι
1218 2911 1363 2967 quiris
1396 2912 1445 2955 E
