<?xml version="1.0" encoding="UTF-8"?>
<!DOCTYPE html PUBLIC "-//W3C//DTD XHTML 1.0 Transitional//EN"
    "http://www.w3.org/TR/xhtml1/DTD/xhtml1-transitional.dtd">
<html xmlns="http://www.w3.org/1999/xhtml" xml:lang="en" lang="en">
 <head>
  <title>
</title>
<meta http-equiv="Content-Type" content="text/html;charset=utf-8" />
  <meta name='ocr-system' content='tesseract 3.04.00' />
  <meta name='ocr-capabilities' content='ocr_page ocr_carea ocr_par ocr_line ocrx_word'/>
</head>
<body>
  <div class='ocr_page' id='page_1' title='image "./palladiirvtiliit00palluoft_0182.png"; bbox 0 0 2014 3169; ppageno 0'>
   <div class='ocr_carea' id='block_1_1' title="bbox 162 131 1141 187">
    <p class='ocr_par' dir='ltr' id='par_1_1' title="bbox 162 131 1141 187">
     <span class='ocr_line' id='line_1_1' title="bbox 162 131 1141 187; baseline -0.016 1"><span class='ocrx_word' id='word_1_1' title='bbox 162 136 269 187; x_wconf 81' lang='lat'>162</span> <span class='ocrx_word' id='word_1_2' title='bbox 861 131 1141 174; x_wconf 88' lang='lat' dir='ltr'><strong>PALLADH</strong></span> 
     </span>
    </p>
   </div>
   <div class='ocr_carea' id='block_1_2' title="bbox 87 249 1912 973">
    <p class='ocr_par' dir='ltr' id='par_1_2' title="bbox 87 249 1912 973">
     <span class='ocr_line' id='line_1_2' title="bbox 161 249 1840 322; baseline -0.005 -13"><span class='ocrx_word' id='word_1_3' title='bbox 161 275 320 309; x_wconf 92' lang='lat' dir='ltr'>umor</span> <span class='ocrx_word' id='word_1_4' title='bbox 367 255 658 307; x_wconf 73' lang='lat' dir='ltr'>deducetur</span> <span class='ocrx_word' id='word_1_5' title='bbox 705 257 759 305; x_wconf 88' lang='lat' dir='ltr'>et</span> <span class='ocrx_word' id='word_1_6' title='bbox 804 253 922 322; x_wconf 86' lang='lat' dir='ltr'>agri</span> <span class='ocrx_word' id='word_1_7' title='bbox 962 252 1138 321; x_wconf 89' lang='lat' dir='ltr'>spatia</span> <span class='ocrx_word' id='word_1_8' title='bbox 1176 269 1285 303; x_wconf 94' lang='lat' dir='ltr'>non</span> <span class='ocrx_word' id='word_1_9' title='bbox 1323 251 1589 319; x_wconf 89' lang='lat' dir='ltr'>peribunt.</span> <span class='ocrx_word' id='word_1_10' title='bbox 1669 250 1715 301; x_wconf 90' lang='lat' dir='ltr'>si</span> <span class='ocrx_word' id='word_1_11' title='bbox 1755 249 1840 302; x_wconf 87' lang='lat' dir='ltr'>de-</span> 
     </span>
     <span class='ocr_line' id='line_1_3' title="bbox 161 324 1841 398; baseline -0.004 -16"><span class='ocrx_word' id='word_1_12' title='bbox 161 330 364 382; x_wconf 87' lang='lat' dir='ltr'>fuerint</span> <span class='ocrx_word' id='word_1_13' title='bbox 397 329 617 398; x_wconf 88' lang='lat' dir='ltr'>lapides,</span> <span class='ocrx_word' id='word_1_14' title='bbox 651 327 937 379; x_wconf 74' lang='lat' dir='ltr'><strong>sarmentis</strong></span> <span class='ocrx_word' id='word_1_15' title='bbox 970 327 1057 378; x_wconf 89' lang='lat' dir='ltr'>uel</span> <span class='ocrx_word' id='word_1_16' title='bbox 1091 325 1351 377; x_wconf 89' lang='lat' dir='ltr'>stramine</span> <span class='ocrx_word' id='word_1_17' title='bbox 1385 324 1628 377; x_wconf 89' lang='lat' dir='ltr'>subiecto</span> <span class='ocrx_word' id='word_1_18' title='bbox 1654 341 1841 392; x_wconf 90' lang='lat' dir='ltr'>coope-</span> 
     </span>
     <span class='ocr_line' id='line_1_4' title="bbox 163 399 1839 470; baseline -0.004 -15"><span class='ocrx_word' id='word_1_19' title='bbox 163 405 373 456; x_wconf 89' lang='lat' dir='ltr'>riantur</span> <span class='ocrx_word' id='word_1_20' title='bbox 410 403 498 454; x_wconf 88' lang='lat' dir='ltr'>uel</span> <span class='ocrx_word' id='word_1_21' title='bbox 533 401 956 470; x_wconf 87' lang='lat' dir='ltr'>quibuscumque</span> <span class='ocrx_word' id='word_1_22' title='bbox 989 399 1259 469; x_wconf 82' lang='lat' dir='ltr'>uirgultis.</span> <span class='ocrx_word' id='word_1_23' title='bbox 1322 399 1414 450; x_wconf 87' lang='lat' dir='ltr'>sed</span> <span class='ocrx_word' id='word_1_24' title='bbox 1447 399 1492 450; x_wconf 90' lang='lat' dir='ltr'>si</span> <span class='ocrx_word' id='word_1_25' title='bbox 1522 415 1839 449; x_wconf 90' lang='lat' dir='ltr'>nemorosus</span> 
     </span>
     <span class='ocr_line' id='line_1_5' title="bbox 164 471 1843 545; baseline -0.005 -15"><span class='ocrx_word' id='word_1_26' title='bbox 164 481 267 545; x_wconf 88' lang='lat' dir='ltr'>est,</span> <span class='ocrx_word' id='word_1_27' title='bbox 327 476 610 544; x_wconf 85' lang='lat' dir='ltr'>extirpatis</span> <span class='ocrx_word' id='word_1_28' title='bbox 659 478 752 526; x_wconf 89' lang='lat' dir='ltr'>aut</span> <span class='ocrx_word' id='word_1_29' title='bbox 798 493 919 526; x_wconf 90' lang='lat' dir='ltr'>raro</span> <span class='ocrx_word' id='word_1_30' title='bbox 967 472 1170 526; x_wconf 86' lang='lat' dir='ltr'>relictis</span> <span class='ocrx_word' id='word_1_31' title='bbox 1220 472 1505 525; x_wconf 84' lang='lat' dir='ltr'>arboribus</span> <span class='ocrx_word' id='word_1_32' title='bbox 1552 471 1843 539; x_wconf 87' lang='lat' dir='ltr'>excolatur,</span> 
     </span>
     <span class='ocr_line' id='line_1_6' title="bbox 87 546 1910 619; baseline -0.004 -15"><span class='ocrx_word' id='word_1_33' title='bbox 87 552 121 604; x_wconf 84' lang='lat'><strong>3</strong></span> <span class='ocrx_word' id='word_1_34' title='bbox 163 551 209 604; x_wconf 88' lang='lat' dir='ltr'>si</span> <span class='ocrx_word' id='word_1_35' title='bbox 248 551 547 619; x_wconf 83' lang='lat' dir='ltr'>lapidosuS,</span> <span class='ocrx_word' id='word_1_36' title='bbox 594 568 690 617; x_wconf 90' lang='lat' dir='ltr'>per</span> <span class='ocrx_word' id='word_1_37' title='bbox 729 547 987 600; x_wconf 82' lang='lat' dir='ltr'>macerias</span> <span class='ocrx_word' id='word_1_38' title='bbox 1029 565 1280 599; x_wconf 83' lang='lat' dir='ltr'>saxorum</span> <span class='ocrx_word' id='word_1_39' title='bbox 1319 546 1482 598; x_wconf 90' lang='lat' dir='ltr'>turba</span> <span class='ocrx_word' id='word_1_40' title='bbox 1523 546 1749 598; x_wconf 87' lang='lat' dir='ltr'>collecta</span> <span class='ocrx_word' id='word_1_41' title='bbox 1787 548 1842 596; x_wconf 91' lang='lat' dir='ltr'>et</span> <span class='ocrx_word' id='word_1_42' title='bbox 1888 564 1910 597; x_wconf 83' lang='lat'>5</span> 
     </span>
     <span class='ocr_line' id='line_1_7' title="bbox 160 621 1840 694; baseline -0.004 -17"><span class='ocrx_word' id='word_1_43' title='bbox 160 624 383 694; x_wconf 83' lang='lat' dir='ltr'>purgari</span> <span class='ocrx_word' id='word_1_44' title='bbox 422 623 626 692; x_wconf 88' lang='lat' dir='ltr'>poterit</span> <span class='ocrx_word' id='word_1_45' title='bbox 666 626 720 675; x_wconf 90' lang='lat' dir='ltr'>et</span> <span class='ocrx_word' id='word_1_46' title='bbox 757 623 879 674; x_wconf 92' lang='lat' dir='ltr'>inde</span> <span class='ocrx_word' id='word_1_47' title='bbox 921 621 1134 673; x_wconf 89' lang='lat' dir='ltr'>muniri.</span> <span class='ocrx_word' id='word_1_48' title='bbox 1200 621 1388 673; x_wconf 89' lang='lat' dir='ltr'>iuncus</span> <span class='ocrx_word' id='word_1_49' title='bbox 1428 623 1483 671; x_wconf 91' lang='lat' dir='ltr'>et</span> <span class='ocrx_word' id='word_1_50' title='bbox 1522 636 1746 688; x_wconf 84' lang='lat' dir='ltr'>gramen</span> <span class='ocrx_word' id='word_1_51' title='bbox 1786 621 1840 670; x_wconf 92' lang='lat' dir='ltr'>et</span> 
     </span>
     <span class='ocr_line' id='line_1_8' title="bbox 158 692 1842 766; baseline -0.004 -16"><span class='ocrx_word' id='word_1_52' title='bbox 158 699 328 752; x_wconf 88' lang='lat' dir='ltr'>filices</span> <span class='ocrx_word' id='word_1_53' title='bbox 383 697 655 766; x_wconf 73' lang='lat' dir='ltr'>frequenti</span> <span class='ocrx_word' id='word_1_54' title='bbox 711 696 951 748; x_wconf 86' lang='lat' dir='ltr'>aratione</span> <span class='ocrx_word' id='word_1_55' title='bbox 999 696 1295 748; x_wconf 92' lang='lat' dir='ltr'>uincentur.</span> <span class='ocrx_word' id='word_1_56' title='bbox 1376 693 1466 745; x_wconf 89' lang='lat' dir='ltr'>sed</span> <span class='ocrx_word' id='word_1_57' title='bbox 1520 693 1738 761; x_wconf 87' lang='lat' dir='ltr'>filicem,</span> <span class='ocrx_word' id='word_1_58' title='bbox 1795 692 1842 744; x_wconf 92' lang='lat' dir='ltr'>si</span> 
     </span>
     <span class='ocr_line' id='line_1_9' title="bbox 161 767 1842 841; baseline -0.004 -16"><span class='ocrx_word' id='word_1_59' title='bbox 161 791 320 841; x_wconf 90' lang='lat' dir='ltr'>saepe</span> <span class='ocrx_word' id='word_1_60' title='bbox 352 771 536 824; x_wconf 85' lang='lat' dir='ltr'>fabam</span> <span class='ocrx_word' id='word_1_61' title='bbox 570 788 817 823; x_wconf 79' lang='lat' dir='ltr'>conseras</span> <span class='ocrx_word' id='word_1_62' title='bbox 851 770 937 821; x_wconf 87' lang='lat' dir='ltr'>uel</span> <span class='ocrx_word' id='word_1_63' title='bbox 968 769 1185 837; x_wconf 87' lang='lat' dir='ltr'>lupinos</span> <span class='ocrx_word' id='word_1_64' title='bbox 1219 771 1272 820; x_wconf 90' lang='lat' dir='ltr'>et</span> <span class='ocrx_word' id='word_1_65' title='bbox 1299 768 1343 819; x_wconf 87' lang='lat' dir='ltr'>si</span> <span class='ocrx_word' id='word_1_66' title='bbox 1376 767 1599 819; x_wconf 86' lang='lat' dir='ltr'>subinde</span> <span class='ocrx_word' id='word_1_67' title='bbox 1624 784 1842 819; x_wconf 87' lang='lat' dir='ltr'>nascen-</span> 
     </span>
     <span class='ocr_line' id='line_1_10' title="bbox 159 840 1841 913; baseline -0.005 -14"><span class='ocrx_word' id='word_1_68' title='bbox 159 851 271 899; x_wconf 90' lang='lat' dir='ltr'>tem</span> <span class='ocrx_word' id='word_1_69' title='bbox 308 863 560 898; x_wconf 90' lang='lat' dir='ltr'>mucrone</span> <span class='ocrx_word' id='word_1_70' title='bbox 593 844 749 897; x_wconf 79' lang='lat' dir='ltr'>falcis</span> <span class='ocrx_word' id='word_1_71' title='bbox 782 844 1004 913; x_wconf 83' lang='lat' dir='ltr'>incidaS,</span> <span class='ocrx_word' id='word_1_72' title='bbox 1042 843 1186 895; x_wconf 88' lang='lat' dir='ltr'>intra</span> <span class='ocrx_word' id='word_1_73' title='bbox 1219 841 1474 911; x_wconf 82' lang='lat' dir='ltr'>exiguum</span> <span class='ocrx_word' id='word_1_74' title='bbox 1505 844 1718 908; x_wconf 88' lang='lat' dir='ltr'>tempus</span> <span class='ocrx_word' id='word_1_75' title='bbox 1752 840 1841 892; x_wconf 91' lang='lat' dir='ltr'>ab·</span> 
     </span>
     <span class='ocr_line' id='line_1_11' title="bbox 159 934 1912 973; baseline -0.005 0"><span class='ocrx_word' id='word_1_76' title='bbox 159 939 353 973; x_wconf 88' lang='lat' dir='ltr'>sumes.</span> <span class='ocrx_word' id='word_1_77' title='bbox 1868 934 1912 965; x_wconf 91' lang='lat'>10</span> 
     </span>
    </p>
   </div>
   <div class='ocr_carea' id='block_1_3' title="bbox 203 1075 1840 1332">
    <p class='ocr_par' dir='ltr' id='par_1_3' title="bbox 203 1075 1840 1332">
     <span class='ocr_line' id='line_1_12' title="bbox 204 1075 1800 1138; baseline -0.006 -2"><span class='ocrx_word' id='word_1_78' title='bbox 204 1083 303 1136; x_wconf 88' lang='lat' dir='ltr'>DE</span> <span class='ocrx_word' id='word_1_79' title='bbox 347 1080 711 1136; x_wconf 80' lang='lat' dir='ltr'>OCOANDIS</span> <span class='ocrx_word' id='word_1_80' title='bbox 752 1078 1051 1132; x_wconf 79' lang='lat' dir='ltr'><strong>VITIBVS</strong></span> <span class='ocrx_word' id='word_1_81' title='bbox 1093 1075 1664 1138; x_wconf 80' lang='lat' dir='ltr'><strong>ARBORIBVSQVE</strong></span> <span class='ocrx_word' id='word_1_82' title='bbox 1706 1075 1800 1128; x_wconf 87' lang='grc' dir='ltr'>ΕΤ</span> 
     </span>
     <span class='ocr_line' id='line_1_13' title="bbox 203 1162 1807 1236; baseline -0.004 -13"><span class='ocrx_word' id='word_1_83' title='bbox 203 1171 406 1223; x_wconf 83' lang='lat' dir='ltr'>RVDE</span> <span class='ocrx_word' id='word_1_84' title='bbox 443 1167 871 1236; x_wconf 82' lang='lat' dir='ltr'>CAEDENDA,</span> <span class='ocrx_word' id='word_1_85' title='bbox 911 1164 1315 1220; x_wconf 80' lang='lat' dir='ltr'>FODIENDIS</span> <span class='ocrx_word' id='word_1_86' title='bbox 1352 1162 1807 1233; x_wconf 81' lang='lat' dir='ltr'>SEMINARHS,</span> 
     </span>
     <span class='ocr_line' id='line_1_14' title="bbox 234 1252 1840 1332; baseline -0.005 -20"><span class='ocrx_word' id='word_1_87' title='bbox 234 1257 602 1312; x_wconf 80' lang='lat' dir='ltr'><strong>PVTANDIS</strong></span> <span class='ocrx_word' id='word_1_88' title='bbox 646 1255 857 1311; x_wconf 79' lang='lat' dir='ltr'>OLEIS</span> <span class='ocrx_word' id='word_1_89' title='bbox 899 1255 994 1309; x_wconf 81' lang='lat' dir='ltr'>AO</span> <span class='ocrx_word' id='word_1_90' title='bbox 1034 1253 1308 1308; x_wconf 89' lang='lat' dir='ltr'>LVPINO</span> <span class='ocrx_word' id='word_1_91' title='bbox 1346 1252 1767 1306; x_wconf 85' lang='lat' dir='ltr'><strong>VERTENDO.</strong></span> <span class='ocrx_word' id='word_1_92' title='bbox 1836 1327 1840 1332; x_wconf 21' lang='lat' dir='ltr'>v</span> 
     </span>
    </p>
   </div>
   <div class='ocr_carea' id='block_1_4' title="bbox 70 1358 1911 2082">
    <p class='ocr_par' dir='ltr' id='par_1_4' title="bbox 70 1358 1909 1728">
     <span class='ocr_line' id='line_1_15' title="bbox 70 1358 1841 1427; baseline -0.005 -10"><span class='ocrx_word' id='word_1_93' title='bbox 70 1364 187 1417; x_wconf 85' lang='lat' dir='ltr'>IIII</span> <span class='ocrx_word' id='word_1_94' title='bbox 301 1363 419 1416; x_wconf 90' lang='lat' dir='ltr'>Hoc</span> <span class='ocrx_word' id='word_1_95' title='bbox 477 1381 658 1415; x_wconf 88' lang='lat' dir='ltr'>mense</span> <span class='ocrx_word' id='word_1_96' title='bbox 715 1361 934 1413; x_wconf 88' lang='lat' dir='ltr'>arbores</span> <span class='ocrx_word' id='word_1_97' title='bbox 983 1364 1037 1412; x_wconf 90' lang='lat' dir='ltr'>et</span> <span class='ocrx_word' id='word_1_98' title='bbox 1082 1360 1245 1426; x_wconf 84' lang='lat' dir='ltr'>uiteS,</span> <span class='ocrx_word' id='word_1_99' title='bbox 1302 1377 1436 1427; x_wconf 86' lang='lat' dir='ltr'>quae</span> <span class='ocrx_word' id='word_1_100' title='bbox 1493 1358 1841 1426; x_wconf 75' lang='lat' dir='ltr'>ablaqueatae</span> 
     </span>
     <span class='ocr_line' id='line_1_16' title="bbox 159 1432 1909 1506; baseline -0.003 -16"><span class='ocrx_word' id='word_1_101' title='bbox 159 1439 397 1506; x_wconf 85' lang='lat' dir='ltr'>fuerant,</span> <span class='ocrx_word' id='word_1_102' title='bbox 440 1455 645 1504; x_wconf 83' lang='lat' dir='ltr'>occare,</span> <span class='ocrx_word' id='word_1_103' title='bbox 684 1436 787 1488; x_wconf 85' lang='lat' dir='ltr'>hoc</span> <span class='ocrx_word' id='word_1_104' title='bbox 829 1438 925 1500; x_wconf 82' lang='lat' dir='ltr'>est,</span> <span class='ocrx_word' id='word_1_105' title='bbox 966 1435 1174 1502; x_wconf 88' lang='lat' dir='ltr'>operire</span> <span class='ocrx_word' id='word_1_106' title='bbox 1212 1433 1323 1485; x_wconf 91' lang='lat' dir='ltr'>iam</span> <span class='ocrx_word' id='word_1_107' title='bbox 1363 1432 1630 1485; x_wconf 89' lang='lat' dir='ltr'>conuenit.</span> <span class='ocrx_word' id='word_1_108' title='bbox 1697 1449 1839 1483; x_wconf 87' lang='lat' dir='ltr'>nunc-</span> <span class='ocrx_word' id='word_1_109' title='bbox 1867 1452 1909 1484; x_wconf 86' lang='lat'>15</span> 
     </span>
     <span class='ocr_line' id='line_1_17' title="bbox 159 1504 1841 1577; baseline -0.005 -13"><span class='ocrx_word' id='word_1_110' title='bbox 159 1513 225 1564; x_wconf 91' lang='lat' dir='ltr'>ad</span> <span class='ocrx_word' id='word_1_111' title='bbox 250 1512 436 1564; x_wconf 88' lang='lat' dir='ltr'>rudem</span> <span class='ocrx_word' id='word_1_112' title='bbox 461 1510 761 1564; x_wconf 84' lang='lat' dir='ltr'>faciendam</span> <span class='ocrx_word' id='word_1_113' title='bbox 787 1509 926 1560; x_wconf 85' lang='lat' dir='ltr'>silua</span> <span class='ocrx_word' id='word_1_114' title='bbox 951 1509 1220 1577; x_wconf 73' lang='lat' dir='ltr'>caedatur,</span> <span class='ocrx_word' id='word_1_115' title='bbox 1247 1507 1458 1575; x_wconf 84' lang='lat' dir='ltr'>quando</span> <span class='ocrx_word' id='word_1_116' title='bbox 1486 1506 1632 1558; x_wconf 91' lang='lat' dir='ltr'>omni</span> <span class='ocrx_word' id='word_1_117' title='bbox 1652 1504 1841 1557; x_wconf 87' lang='lat' dir='ltr'>fronde</span> 
     </span>
     <span class='ocr_line' id='line_1_18' title="bbox 159 1579 1843 1648; baseline -0.005 -9"><span class='ocrx_word' id='word_1_118' title='bbox 159 1587 362 1639; x_wconf 90' lang='lat' dir='ltr'>uestita</span> <span class='ocrx_word' id='word_1_119' title='bbox 403 1590 500 1638; x_wconf 89' lang='lat' dir='ltr'>est.</span> <span class='ocrx_word' id='word_1_120' title='bbox 579 1582 831 1637; x_wconf 90' lang='lat' dir='ltr'>caedendi</span> <span class='ocrx_word' id='word_1_121' title='bbox 873 1586 1054 1634; x_wconf 86' lang='lat' dir='ltr'>autem</span> <span class='ocrx_word' id='word_1_122' title='bbox 1092 1581 1181 1634; x_wconf 88' lang='lat' dir='ltr'>hic</span> <span class='ocrx_word' id='word_1_123' title='bbox 1222 1581 1410 1633; x_wconf 89' lang='lat' dir='ltr'>modus</span> <span class='ocrx_word' id='word_1_124' title='bbox 1452 1584 1556 1648; x_wconf 87' lang='lat' dir='ltr'>est,</span> <span class='ocrx_word' id='word_1_125' title='bbox 1603 1583 1665 1631; x_wconf 91' lang='lat' dir='ltr'>ut</span> <span class='ocrx_word' id='word_1_126' title='bbox 1706 1579 1843 1647; x_wconf 87' lang='lat' dir='ltr'>opti-</span> 
     </span>
     <span class='ocr_line' id='line_1_19' title="bbox 160 1651 1839 1728; baseline -0.005 -15"><span class='ocrx_word' id='word_1_127' title='bbox 160 1678 279 1712; x_wconf 88' lang='lat' dir='ltr'>mus</span> <span class='ocrx_word' id='word_1_128' title='bbox 323 1659 598 1728; x_wconf 87' lang='lat' dir='ltr'>operarius</span> <span class='ocrx_word' id='word_1_129' title='bbox 638 1659 693 1710; x_wconf 90' lang='lat' dir='ltr'>in</span> <span class='ocrx_word' id='word_1_130' title='bbox 735 1657 846 1709; x_wconf 85' lang='lat' dir='ltr'>alta</span> <span class='ocrx_word' id='word_1_131' title='bbox 887 1657 1025 1708; x_wconf 88' lang='lat' dir='ltr'>silua</span> <span class='ocrx_word' id='word_1_132' title='bbox 1065 1655 1232 1708; x_wconf 90' lang='lat' dir='ltr'>modii</span> <span class='ocrx_word' id='word_1_133' title='bbox 1265 1655 1516 1723; x_wconf 86' lang='lat' dir='ltr'>spatium,</span> <span class='ocrx_word' id='word_1_134' title='bbox 1556 1651 1839 1705; x_wconf 88' lang='lat' dir='ltr'>mediocris</span> 
     </span>
    </p>

    <p class='ocr_par' dir='ltr' id='par_1_5' title="bbox 89 1726 1911 2082">
     <span class='ocr_line' id='line_1_20' title="bbox 89 1726 1843 1801; baseline -0.006 -14"><span class='ocrx_word' id='word_1_135' title='bbox 89 1737 123 1788; x_wconf 82' lang='lat'>2</span> <span class='ocrx_word' id='word_1_136' title='bbox 163 1753 292 1786; x_wconf 89' lang='lat' dir='ltr'>uero</span> <span class='ocrx_word' id='word_1_137' title='bbox 327 1734 491 1786; x_wconf 89' lang='lat' dir='ltr'>tertia</span> <span class='ocrx_word' id='word_1_138' title='bbox 523 1733 701 1784; x_wconf 89' lang='lat' dir='ltr'>minus</span> <span class='ocrx_word' id='word_1_139' title='bbox 733 1731 910 1801; x_wconf 87' lang='lat' dir='ltr'>possit</span> <span class='ocrx_word' id='word_1_140' title='bbox 943 1731 1229 1782; x_wconf 89' lang='lat' dir='ltr'>abscidere.</span> <span class='ocrx_word' id='word_1_141' title='bbox 1291 1747 1433 1781; x_wconf 89' lang='lat' dir='ltr'>nunc</span> <span class='ocrx_word' id='word_1_142' title='bbox 1470 1731 1523 1780; x_wconf 89' lang='lat' dir='ltr'>et</span> <span class='ocrx_word' id='word_1_143' title='bbox 1557 1726 1843 1779; x_wconf 86' lang='lat' dir='ltr'>seminaria</span> 
     </span>
     <span class='ocr_line' id='line_1_21' title="bbox 160 1800 1911 1872; baseline -0.004 -11"><span class='ocrx_word' id='word_1_144' title='bbox 160 1808 440 1861; x_wconf 84' lang='lat' dir='ltr'>fodiuntur</span> <span class='ocrx_word' id='word_1_145' title='bbox 502 1807 719 1859; x_wconf 87' lang='lat' dir='ltr'>adsidue</span> <span class='ocrx_word' id='word_1_146' title='bbox 784 1808 837 1857; x_wconf 94' lang='lat' dir='ltr'>et</span> <span class='ocrx_word' id='word_1_147' title='bbox 899 1805 1033 1856; x_wconf 87' lang='lat' dir='ltr'>locis</span> <span class='ocrx_word' id='word_1_148' title='bbox 1090 1803 1413 1872; x_wconf 78' lang='lat' dir='ltr'>praegelidis</span> <span class='ocrx_word' id='word_1_149' title='bbox 1471 1805 1523 1853; x_wconf 89' lang='lat' dir='ltr'>et</span> <span class='ocrx_word' id='word_1_150' title='bbox 1578 1800 1840 1869; x_wconf 88' lang='lat' dir='ltr'>pluuiosis</span> <span class='ocrx_word' id='word_1_151' title='bbox 1868 1824 1911 1854; x_wconf 79' lang='lat'>20</span> 
     </span>
     <span class='ocr_line' id='line_1_22' title="bbox 162 1873 1840 1950; baseline -0.006 -15"><span class='ocrx_word' id='word_1_152' title='bbox 162 1883 309 1935; x_wconf 88' lang='lat' dir='ltr'>oleae</span> <span class='ocrx_word' id='word_1_153' title='bbox 356 1885 616 1950; x_wconf 89' lang='lat' dir='ltr'>putantur</span> <span class='ocrx_word' id='word_1_154' title='bbox 649 1884 717 1932; x_wconf 65' lang='lat' dir='ltr'>vet</span> <span class='ocrx_word' id='word_1_155' title='bbox 767 1879 841 1931; x_wconf 93' lang='lat' dir='ltr'>eis</span> <span class='ocrx_word' id='word_1_156' title='bbox 890 1897 1106 1931; x_wconf 89' lang='lat' dir='ltr'>muscus</span> <span class='ocrx_word' id='word_1_157' title='bbox 1156 1876 1447 1930; x_wconf 86' lang='lat' dir='ltr'>abraditur.</span> <span class='ocrx_word' id='word_1_158' title='bbox 1525 1879 1580 1927; x_wconf 88' lang='lat' dir='ltr'>at</span> <span class='ocrx_word' id='word_1_159' title='bbox 1628 1875 1673 1927; x_wconf 89' lang='lat' dir='ltr'>si</span> <span class='ocrx_word' id='word_1_160' title='bbox 1722 1873 1840 1942; x_wconf 89' lang='lat' dir='ltr'>quis</span> 
     </span>
     <span class='ocr_line' id='line_1_23' title="bbox 159 1948 1840 2025; baseline -0.005 -17"><span class='ocrx_word' id='word_1_161' title='bbox 159 1957 406 2025; x_wconf 85' lang='lat' dir='ltr'>lupinum</span> <span class='ocrx_word' id='word_1_162' title='bbox 441 1954 774 2008; x_wconf 83' lang='lat' dir='ltr'>stercorandi</span> <span class='ocrx_word' id='word_1_163' title='bbox 807 1953 925 2022; x_wconf 80' lang='lat' dir='ltr'>agri</span> <span class='ocrx_word' id='word_1_164' title='bbox 959 1971 1118 2005; x_wconf 85' lang='lat' dir='ltr'>causa</span> <span class='ocrx_word' id='word_1_165' title='bbox 1143 1951 1446 2018; x_wconf 72' lang='lat' dir='ltr'>seminabit,</span> <span class='ocrx_word' id='word_1_166' title='bbox 1480 1952 1660 2002; x_wconf 87' lang='lat' dir='ltr'>aratro</span> <span class='ocrx_word' id='word_1_167' title='bbox 1686 1948 1840 2000; x_wconf 88' lang='lat' dir='ltr'>illum</span> 
     </span>
     <span class='ocr_line' id='line_1_24' title="bbox 158 2030 853 2082; baseline -0.006 0"><span class='ocrx_word' id='word_1_168' title='bbox 158 2049 300 2082; x_wconf 91' lang='lat' dir='ltr'>nunc</span> <span class='ocrx_word' id='word_1_169' title='bbox 341 2030 559 2082; x_wconf 90' lang='lat' dir='ltr'>debebit</span> <span class='ocrx_word' id='word_1_170' title='bbox 600 2032 853 2081; x_wconf 86' lang='lat' dir='ltr'>euertere.</span> 
     </span>
    </p>
   </div>
   <div class='ocr_carea' id='block_1_5' title="bbox 161 2169 1898 2764">
    <p class='ocr_par' dir='ltr' id='par_1_6' title="bbox 161 2169 1898 2764">
     <span class='ocr_line' id='line_1_25' title="bbox 281 2169 1842 2230; baseline -0.003 -14"><span class='ocrx_word' id='word_1_171' title='bbox 281 2180 304 2216; x_wconf 99' lang='grc'>2</span> <span class='ocrx_word' id='word_1_172' title='bbox 340 2173 598 2230; x_wconf 83' lang='lat' dir='ltr'>superiecto</span> <span class='ocrx_word' id='word_1_173' title='bbox 627 2188 661 2229; x_wconf 77' lang='lat' dir='ltr'>p</span> <span class='ocrx_word' id='word_1_174' title='bbox 711 2177 715 2229; x_wconf 93' lang='grc' dir='ltr'>Ι</span> <span class='ocrx_word' id='word_1_175' title='bbox 768 2172 1062 2228; x_wconf 82' lang='lat' dir='ltr'>coperiantur</span> <span class='ocrx_word' id='word_1_176' title='bbox 1095 2172 1144 2225; x_wconf 80' lang='lat' dir='ltr'>V,</span> <span class='ocrx_word' id='word_1_177' title='bbox 1179 2170 1448 2228; x_wconf 85' lang='lat' dir='ltr'>operiantur</span> <span class='ocrx_word' id='word_1_178' title='bbox 1479 2169 1607 2224; x_wconf 76' lang='lat' dir='ltr'>SEp</span> <span class='ocrx_word' id='word_1_179' title='bbox 1652 2170 1666 2224; x_wconf 95' lang='grc' dir='ltr'>ΙΙ</span> <span class='ocrx_word' id='word_1_180' title='bbox 1713 2173 1739 2210; x_wconf 92' lang='grc'>4</span> <span class='ocrx_word' id='word_1_181' title='bbox 1773 2181 1842 2211; x_wconf 86' lang='lat' dir='ltr'>re-</span> 
     </span>
     <span class='ocr_line' id='line_1_26' title="bbox 161 2226 1841 2290; baseline -0.005 -13"><span class='ocrx_word' id='word_1_182' title='bbox 161 2234 341 2277; x_wconf 82' lang='lat' dir='ltr'>colatur</span> <span class='ocrx_word' id='word_1_183' title='bbox 366 2249 401 2290; x_wconf 78' lang='lat' dir='ltr'>p</span> <span class='ocrx_word' id='word_1_184' title='bbox 447 2237 461 2290; x_wconf 95' lang='grc' dir='ltr'>ΙΙ</span> <span class='ocrx_word' id='word_1_185' title='bbox 508 2238 533 2276; x_wconf 79' lang='grc'><em>5</em></span> <span class='ocrx_word' id='word_1_186' title='bbox 568 2248 595 2276; x_wconf 91' lang='lat' dir='ltr'>a</span> <span class='ocrx_word' id='word_1_187' title='bbox 634 2233 774 2276; x_wconf 88' lang='lat' dir='ltr'>turba</span> <span class='ocrx_word' id='word_1_188' title='bbox 814 2232 1033 2275; x_wconf 84' lang='lat' dir='ltr'>collectas</span> <span class='ocrx_word' id='word_1_189' title='bbox 1074 2246 1132 2288; x_wconf 73' lang='lat' dir='ltr'>cy</span> <span class='ocrx_word' id='word_1_190' title='bbox 1176 2233 1190 2287; x_wconf 95' lang='grc' dir='ltr'>ΙΙ</span> <span class='ocrx_word' id='word_1_191' title='bbox 1239 2235 1263 2274; x_wconf 88' lang='grc'>6</span> <span class='ocrx_word' id='word_1_192' title='bbox 1295 2228 1475 2273; x_wconf 86' lang='lat' dir='ltr'>turbari</span> <span class='ocrx_word' id='word_1_193' title='bbox 1508 2227 1628 2271; x_wconf 68' lang='lat' dir='ltr'>SlE</span> <span class='ocrx_word' id='word_1_194' title='bbox 1674 2230 1680 2283; x_wconf 98' lang='grc' dir='ltr'>Ι</span> <span class='ocrx_word' id='word_1_195' title='bbox 1730 2226 1841 2269; x_wconf 89' lang='lat' dir='ltr'>inde</span> 
     </span>
     <span class='ocr_line' id='line_1_27' title="bbox 161 2285 1841 2350; baseline -0.005 -13"><span class='ocrx_word' id='word_1_196' title='bbox 161 2307 242 2337; x_wconf 81' lang='lat' dir='ltr'>om.</span> <span class='ocrx_word' id='word_1_197' title='bbox 269 2308 304 2349; x_wconf 73' lang='lat'>1)</span> <span class='ocrx_word' id='word_1_198' title='bbox 332 2296 336 2350; x_wconf 99' lang='grc' dir='ltr'>Ι</span> <span class='ocrx_word' id='word_1_199' title='bbox 365 2292 546 2336; x_wconf 87' lang='lat' dir='ltr'>muneri</span> <span class='ocrx_word' id='word_1_200' title='bbox 582 2292 619 2349; x_wconf 70' lang='lat' dir='ltr'><em>Q</em></span> <span class='ocrx_word' id='word_1_201' title='bbox 653 2294 667 2347; x_wconf 97' lang='grc' dir='ltr'>ΙΙ</span> <span class='ocrx_word' id='word_1_202' title='bbox 708 2297 730 2334; x_wconf 88' lang='grc'>7</span> <span class='ocrx_word' id='word_1_203' title='bbox 765 2291 924 2334; x_wconf 87' lang='lat' dir='ltr'>felices</span> <span class='ocrx_word' id='word_1_204' title='bbox 958 2291 999 2333; x_wconf 91' lang='lat' dir='ltr'><em>L</em></span> <span class='ocrx_word' id='word_1_205' title='bbox 1032 2294 1045 2346; x_wconf 93' lang='grc' dir='ltr'>ΙΙ</span> <span class='ocrx_word' id='word_1_206' title='bbox 1085 2296 1109 2333; x_wconf 85' lang='grc'>8</span> <span class='ocrx_word' id='word_1_207' title='bbox 1144 2290 1353 2333; x_wconf 87' lang='lat' dir='ltr'>conferas</span> <span class='ocrx_word' id='word_1_208' title='bbox 1386 2289 1436 2331; x_wconf 86' lang='lat' dir='ltr'><em>E</em></span> <span class='ocrx_word' id='word_1_209' title='bbox 1461 2290 1465 2342; x_wconf 94' lang='grc' dir='ltr'>Ι</span> <span class='ocrx_word' id='word_1_210' title='bbox 1494 2288 1715 2330; x_wconf 87' lang='lat' dir='ltr'>nascente</span> <span class='ocrx_word' id='word_1_211' title='bbox 1749 2285 1799 2329; x_wconf 87' lang='lat' dir='ltr'><em>E</em></span> <span class='ocrx_word' id='word_1_212' title='bbox 1827 2286 1841 2343; x_wconf 73' lang='grc' dir='ltr'>ΙΙ</span> 
     </span>
     <span class='ocr_line' id='line_1_28' title="bbox 161 2344 1836 2409; baseline -0.006 -13"><span class='ocrx_word' id='word_1_213' title='bbox 161 2358 186 2396; x_wconf 85' lang='grc'><strong>9</strong></span> <span class='ocrx_word' id='word_1_214' title='bbox 219 2366 433 2396; x_wconf 86' lang='lat' dir='ltr'>mocrone</span> <span class='ocrx_word' id='word_1_215' title='bbox 466 2354 510 2396; x_wconf 90' lang='lat' dir='ltr'><strong><em>L</em></strong></span> <span class='ocrx_word' id='word_1_216' title='bbox 544 2354 549 2409; x_wconf 96' lang='grc' dir='ltr'>Ι</span> <span class='ocrx_word' id='word_1_217' title='bbox 595 2351 808 2394; x_wconf 83' lang='lat' dir='ltr'>adsumes</span> <span class='ocrx_word' id='word_1_218' title='bbox 842 2351 945 2394; x_wconf 89' lang='lat' dir='ltr'>LV</span> <span class='ocrx_word' id='word_1_219' title='bbox 978 2353 991 2405; x_wconf 95' lang='grc' dir='ltr'>ΙΙ</span> <span class='ocrx_word' id='word_1_220' title='bbox 1034 2355 1086 2393; x_wconf 87' lang='grc'>12</span> <span class='ocrx_word' id='word_1_221' title='bbox 1119 2349 1282 2392; x_wconf 83' lang='lat' dir='ltr'>RURE</span> <span class='ocrx_word' id='word_1_222' title='bbox 1320 2348 1479 2405; x_wconf 75' lang='lat' dir='ltr'><strong><em>QVG‚</em></strong></span> <span class='ocrx_word' id='word_1_223' title='bbox 1513 2344 1719 2389; x_wconf 82' lang='lat' dir='ltr'><strong>RURAE</strong></span> <span class='ocrx_word' id='word_1_224' title='bbox 1754 2345 1799 2387; x_wconf 92' lang='lat' dir='ltr'><em>P</em></span> <span class='ocrx_word' id='word_1_225' title='bbox 1832 2346 1836 2401; x_wconf 97' lang='grc' dir='ltr'>Ι</span> 
     </span>
     <span class='ocr_line' id='line_1_29' title="bbox 162 2404 1838 2465; baseline -0.004 -11"><span class='ocrx_word' id='word_1_226' title='bbox 162 2411 630 2454; x_wconf 77' lang='lat' dir='ltr'><strong>SEAEAMINARHS</strong></span> <span class='ocrx_word' id='word_1_227' title='bbox 672 2411 716 2453; x_wconf 88' lang='lat' dir='ltr'><em>P</em></span> <span class='ocrx_word' id='word_1_228' title='bbox 757 2412 771 2465; x_wconf 91' lang='grc' dir='ltr'>ΙΙ</span> <span class='ocrx_word' id='word_1_229' title='bbox 821 2414 873 2451; x_wconf 86' lang='grc'>13</span> <span class='ocrx_word' id='word_1_230' title='bbox 921 2407 1221 2452; x_wconf 85' lang='lat' dir='ltr'><strong>POTANDIS</strong></span> <span class='ocrx_word' id='word_1_231' title='bbox 1262 2408 1307 2450; x_wconf 91' lang='lat' dir='ltr'><em>P</em></span> <span class='ocrx_word' id='word_1_232' title='bbox 1349 2409 1362 2461; x_wconf 91' lang='grc' dir='ltr'>ΙΙ</span> <span class='ocrx_word' id='word_1_233' title='bbox 1412 2411 1464 2449; x_wconf 86' lang='grc'>15</span> <span class='ocrx_word' id='word_1_234' title='bbox 1511 2406 1708 2449; x_wconf 89' lang='lat' dir='ltr'>hoccare</span> <span class='ocrx_word' id='word_1_235' title='bbox 1749 2404 1794 2447; x_wconf 91' lang='lat' dir='ltr'><strong><em>P</em></strong></span> <span class='ocrx_word' id='word_1_236' title='bbox 1828 2406 1838 2461; x_wconf 90' lang='grc' dir='ltr'>Ι</span> 
     </span>
     <span class='ocr_line' id='line_1_30' title="bbox 162 2465 1840 2527; baseline -0.005 -13"><span class='ocrx_word' id='word_1_237' title='bbox 162 2471 339 2527; x_wconf 83' lang='lat' dir='ltr'>aperire</span> <span class='ocrx_word' id='word_1_238' title='bbox 377 2471 414 2527; x_wconf 67' lang='lat' dir='ltr'><strong><em>Q</em></strong></span> <span class='ocrx_word' id='word_1_239' title='bbox 456 2473 461 2527; x_wconf 93' lang='grc' dir='ltr'>Ι</span> <span class='ocrx_word' id='word_1_240' title='bbox 512 2484 594 2513; x_wconf 87' lang='lat' dir='ltr'>nos</span> <span class='ocrx_word' id='word_1_241' title='bbox 638 2483 724 2526; x_wconf 74' lang='lat' dir='ltr'>pro</span> <span class='ocrx_word' id='word_1_242' title='bbox 771 2468 866 2511; x_wconf 84' lang='lat' dir='ltr'>iam</span> <span class='ocrx_word' id='word_1_243' title='bbox 892 2483 927 2524; x_wconf 73' lang='lat'>1)</span> <span class='ocrx_word' id='word_1_244' title='bbox 977 2473 981 2523; x_wconf 94' lang='grc' dir='ltr'>Ι</span> <span class='ocrx_word' id='word_1_245' title='bbox 1032 2468 1166 2511; x_wconf 81' lang='lat' dir='ltr'>Nunc</span> <span class='ocrx_word' id='word_1_246' title='bbox 1214 2466 1500 2510; x_wconf 87' lang='lat' dir='ltr'>caedendam</span> <span class='ocrx_word' id='word_1_247' title='bbox 1547 2478 1646 2507; x_wconf 91' lang='lat' dir='ltr'>esse</span> <span class='ocrx_word' id='word_1_248' title='bbox 1692 2465 1840 2506; x_wconf 86' lang='lat' dir='ltr'>mate-</span> 
     </span>
     <span class='ocr_line' id='line_1_31' title="bbox 161 2523 1898 2585; baseline -0.004 -12"><span class='ocrx_word' id='word_1_249' title='bbox 161 2530 279 2573; x_wconf 88' lang='lat' dir='ltr'>riam</span> <span class='ocrx_word' id='word_1_250' title='bbox 319 2530 504 2585; x_wconf 86' lang='lat' dir='ltr'>quando</span> <span class='ocrx_word' id='word_1_251' title='bbox 545 2529 669 2573; x_wconf 90' lang='lat' dir='ltr'>omni</span> <span class='ocrx_word' id='word_1_252' title='bbox 708 2528 871 2571; x_wconf 88' lang='lat' dir='ltr'>fronde</span> <span class='ocrx_word' id='word_1_253' title='bbox 905 2527 1026 2570; x_wconf 85' lang='lat' dir='ltr'>silua</span> <span class='ocrx_word' id='word_1_254' title='bbox 1057 2527 1231 2570; x_wconf 85' lang='lat' dir='ltr'>uestita</span> <span class='ocrx_word' id='word_1_255' title='bbox 1263 2528 1333 2568; x_wconf 85' lang='lat' dir='ltr'>est</span> <span class='ocrx_word' id='word_1_256' title='bbox 1368 2540 1403 2581; x_wconf 76' lang='lat' dir='ltr'>p</span> <span class='ocrx_word' id='word_1_257' title='bbox 1427 2527 1440 2581; x_wconf 94' lang='grc' dir='ltr'>ΙΙ</span> <span class='ocrx_word' id='word_1_258' title='bbox 1467 2529 1518 2567; x_wconf 85' lang='grc'>17</span> <span class='ocrx_word' id='word_1_259' title='bbox 1553 2524 1640 2566; x_wconf 90' lang='lat' dir='ltr'>hoc</span> <span class='ocrx_word' id='word_1_260' title='bbox 1665 2523 1708 2565; x_wconf 90' lang='lat' dir='ltr'><strong><em>L</em></strong></span> <span class='ocrx_word' id='word_1_261' title='bbox 1736 2523 1741 2579; x_wconf 97' lang='grc' dir='ltr'>Ι</span> <span class='ocrx_word' id='word_1_262' title='bbox 1771 2525 1842 2565; x_wconf 81' lang='lat' dir='ltr'>est</span> <span class='ocrx_word' id='word_1_263' title='bbox 1896 2564 1898 2566; x_wconf 78' lang='grc'>,</span> 
     </span>
     <span class='ocr_line' id='line_1_32' title="bbox 163 2581 1841 2645; baseline -0.006 -12"><span class='ocrx_word' id='word_1_264' title='bbox 163 2604 243 2633; x_wconf 84' lang='lat' dir='ltr'>om.</span> <span class='ocrx_word' id='word_1_265' title='bbox 271 2590 320 2632; x_wconf 91' lang='lat' dir='ltr'><em>E</em></span> <span class='ocrx_word' id='word_1_266' title='bbox 356 2591 369 2645; x_wconf 94' lang='grc' dir='ltr'>ΙΙ</span> <span class='ocrx_word' id='word_1_267' title='bbox 411 2594 463 2632; x_wconf 81' lang='grc'>19</span> <span class='ocrx_word' id='word_1_268' title='bbox 498 2588 770 2631; x_wconf 85' lang='lat' dir='ltr'>abscindere</span> <span class='ocrx_word' id='word_1_269' title='bbox 802 2601 860 2630; x_wconf 83' lang='lat' dir='ltr'>as</span> <span class='ocrx_word' id='word_1_270' title='bbox 899 2589 912 2642; x_wconf 94' lang='grc' dir='ltr'>ΙΙ</span> <span class='ocrx_word' id='word_1_271' title='bbox 952 2592 1006 2629; x_wconf 88' lang='grc'>20</span> <span class='ocrx_word' id='word_1_272' title='bbox 1046 2584 1298 2643; x_wconf 76' lang='lat' dir='ltr'>pei-gelidis</span> <span class='ocrx_word' id='word_1_273' title='bbox 1334 2585 1403 2628; x_wconf 76' lang='lat' dir='ltr'>Gi</span> <span class='ocrx_word' id='word_1_274' title='bbox 1445 2585 1450 2640; x_wconf 95' lang='grc' dir='ltr'>Ι</span> <span class='ocrx_word' id='word_1_275' title='bbox 1493 2581 1715 2640; x_wconf 88' lang='lat' dir='ltr'>pluuialis</span> <span class='ocrx_word' id='word_1_276' title='bbox 1748 2581 1799 2624; x_wconf 88' lang='grc' dir='ltr'><em>Ε</em></span> <span class='ocrx_word' id='word_1_277' title='bbox 1826 2582 1841 2637; x_wconf 61' lang='grc' dir='ltr'>ΙΙ</span> 
     </span>
     <span class='ocr_line' id='line_1_33' title="bbox 163 2639 1841 2706; baseline -0.006 -15"><span class='ocrx_word' id='word_1_278' title='bbox 163 2654 216 2691; x_wconf 89' lang='grc'>21</span> <span class='ocrx_word' id='word_1_279' title='bbox 253 2648 294 2691; x_wconf 91' lang='lat' dir='ltr'>ei</span> <span class='ocrx_word' id='word_1_280' title='bbox 331 2648 372 2692; x_wconf 79' lang='lat' dir='ltr'><strong><em>G</em></strong></span> <span class='ocrx_word' id='word_1_281' title='bbox 400 2650 405 2706; x_wconf 94' lang='grc' dir='ltr'>Ι</span> <span class='ocrx_word' id='word_1_282' title='bbox 435 2662 488 2691; x_wconf 81' lang='lat' dir='ltr'>ac</span> <span class='ocrx_word' id='word_1_283' title='bbox 521 2648 622 2692; x_wconf 74' lang='lat' dir='ltr'>FG</span> <span class='ocrx_word' id='word_1_284' title='bbox 649 2650 654 2703; x_wconf 96' lang='grc' dir='ltr'>Ι</span> <span class='ocrx_word' id='word_1_285' title='bbox 683 2646 786 2702; x_wconf 86' lang='lat' dir='ltr'>quis</span> <span class='ocrx_word' id='word_1_286' title='bbox 819 2659 901 2689; x_wconf 85' lang='lat' dir='ltr'>om.</span> <span class='ocrx_word' id='word_1_287' title='bbox 928 2647 992 2701; x_wconf 83' lang='lat' dir='ltr'>L,</span> <span class='ocrx_word' id='word_1_288' title='bbox 1026 2645 1237 2700; x_wconf 79' lang='lat' dir='ltr'>quihab.</span> <span class='ocrx_word' id='word_1_289' title='bbox 1266 2643 1464 2701; x_wconf 75' lang='lat' dir='ltr'><em>PQSF</em></span> <span class='ocrx_word' id='word_1_290' title='bbox 1497 2646 1512 2699; x_wconf 94' lang='grc' dir='ltr'>ΙΙ</span> <span class='ocrx_word' id='word_1_291' title='bbox 1552 2647 1606 2685; x_wconf 91' lang='grc'>22</span> <span class='ocrx_word' id='word_1_292' title='bbox 1641 2639 1841 2684; x_wconf 79' lang='lat' dir='ltr'>semina-</span> 
     </span>
     <span class='ocr_line' id='line_1_34' title="bbox 165 2705 1123 2764; baseline -0.002 -14"><span class='ocrx_word' id='word_1_293' title='bbox 165 2707 238 2751; x_wconf 73' lang='lat' dir='ltr'>uit</span> <span class='ocrx_word' id='word_1_294' title='bbox 269 2708 386 2752; x_wconf 83' lang='lat' dir='ltr'>SEs</span> <span class='ocrx_word' id='word_1_295' title='bbox 414 2709 419 2764; x_wconf 96' lang='grc' dir='ltr'>Ι</span> <span class='ocrx_word' id='word_1_296' title='bbox 447 2707 581 2750; x_wconf 78' lang='lat' dir='ltr'>illum</span> <span class='ocrx_word' id='word_1_297' title='bbox 614 2721 694 2751; x_wconf 85' lang='lat' dir='ltr'>om.</span> <span class='ocrx_word' id='word_1_298' title='bbox 717 2721 751 2761; x_wconf 78' lang='lat' dir='ltr'>p</span> <span class='ocrx_word' id='word_1_299' title='bbox 774 2707 789 2762; x_wconf 95' lang='grc' dir='ltr'>ΙΙ</span> <span class='ocrx_word' id='word_1_300' title='bbox 814 2709 868 2748; x_wconf 81' lang='lat'>23</span> <span class='ocrx_word' id='word_1_301' title='bbox 903 2705 1043 2748; x_wconf 74' lang='lat' dir='ltr'>debet</span> <span class='ocrx_word' id='word_1_302' title='bbox 1074 2706 1123 2748; x_wconf 87' lang='lat' dir='ltr'><em>E</em></span> 
     </span>
    </p>
   </div>
  </div>
 </body>
</html>
