2014 3169
165 154 274 206 222
869 151 1152 194 PALLADH

166 279 333 327 ruunt
373 278 426 326 et
458 275 572 342 pini
606 291 787 325 semen
821 276 1130 342 aspergunt.
1192 272 1295 324 hoc
1328 291 1509 324 mense
1542 290 1704 341 poma
1736 289 1857 324 con·

169 349 360 401 dienda
390 352 516 400 sunt
542 351 702 416 atque
730 348 993 399 seruanda
1018 365 1080 399 eo
1106 364 1272 415 more7
1305 364 1410 414 quo
1435 346 1493 398 in
1516 346 1857 416 singulorum

167 423 344 475 titulis
387 421 711 488 continetur,
750 420 902 473 uelut
944 439 1186 489 quaeque
1227 425 1443 472 matura
1481 419 1855 488 processerint.

805 612 904 665 DE
945 612 1226 666 APIBVS.

80 718 216 772 XIII
329 717 450 770 Hoc
507 717 671 768 etiam
726 735 908 768 mense
966 715 1204 767 aluearia
1259 715 1641 768 castrabuntur
1694 732 1857 782 more,

172 811 277 861 quo
319 793 525 844 dictum
567 794 661 844 est.
738 809 872 859 quae
913 794 1098 842 tamen
1139 794 1356 859 oportet
1395 789 1660 858 inspicere
1701 792 1770 856 et,
1811 790 1857 840 si

172 866 504 919 abundantia
531 869 627 932 est,
661 866 888 933 demere,
925 864 969 916 si
996 864 1357 932 mediocritaS‚
1390 867 1602 932 partem
1627 863 1858 915 mediam

170 941 474 1009 relinquere
523 957 621 1008 pro
670 938 865 991 hiemis
914 938 1119 1007 inopia:
1177 939 1222 990 si
1276 957 1405 990 uero
1463 937 1725 989 sterilitas
1774 937 1858 988 ad-

170 1019 325 1084 paret
373 1014 430 1066 in
479 1014 651 1081 celliS‚
705 1013 783 1065 nil
830 1030 1052 1081 prorsus
1103 1012 1326 1064 auferre.
1404 1011 1580 1063 mellis
1626 1029 1756 1064 uero
1806 1013 1859 1063 et

171 1108 323 1142 cerae
367 1088 612 1157 superius
654 1091 736 1140 est
777 1087 1150 1139 demonstrata
1189 1086 1471 1139 confectiO.

171 1266 369 1329 QVAE
422 1264 702 1329 GRAECI
751 1265 897 1317 VEL
945 1264 1100 1317 ALII
1161 1264 1398 1318 SVPER
1446 1262 1634 1315 VINA
1695 1260 1861 1316 CON-

376 1353 664 1407 DIENDA
706 1352 1217 1414 CVRANDAQVE
1258 1350 1659 1404 DIXERVNT.

83 1459 246 1512 XIIII
362 1458 444 1511 Ne
478 1460 620 1511 lecta
650 1462 1002 1527 praeteream,
1037 1476 1172 1526 quae
1200 1455 1392 1509 Graeci
1427 1475 1523 1508 sua
1555 1456 1658 1508 fide
1685 1455 1860 1508 media

175 1535 237 1586 de
295 1533 578 1586 condiendi
635 1532 749 1584 uini
805 1550 998 1600 genere
1054 1533 1428 1600 disputarunt,
1491 1531 1859 1582 demonstrare

176 1607 381 1660 curaui:
439 1607 532 1675 qui
582 1607 696 1658 uini
743 1610 996 1658 naturam
1044 1606 1142 1657 tali
1190 1606 1399 1657 ratione
1448 1605 1760 1656 discernunt
1808 1607 1862 1656 et
1909 1627 1930 1658 5

174 1684 314 1735 hanc
355 1682 411 1733 in
459 1700 520 1734 eo
568 1681 762 1733 uolunt
811 1699 926 1733 esse
979 1680 1317 1747 distantiam,
1372 1683 1455 1746 ut,
1511 1679 1653 1748 quod
1707 1678 1860 1730 dulce

176 1760 274 1823 est,
308 1756 530 1825 grauius
568 1755 763 1823 dicant,
797 1755 939 1823 quod
973 1754 1156 1806 album
1189 1759 1243 1806 et
1268 1754 1608 1822 aliquatenus
1644 1751 1860 1820 salsum,

177 1831 464 1883 conuenire
504 1830 732 1897 uesicae,
774 1829 915 1897 quod
951 1847 1136 1881 croceo
1172 1829 1350 1881 colore
1382 1827 1675 1891 blanditur,
1715 1826 1862 1896 dige-

178 1905 344 1957 stioni
386 1905 807 1971 accommodum,
850 1904 993 1971 quod
1035 1903 1219 1955 album
1260 1906 1313 1954 et
1354 1902 1665 1970 stypticum‚
1706 1900 1863 1969 prod-

178 1998 294 2031 esse
337 1978 616 2031 stomacho
656 1978 873 2030 laxiori:
922 1977 1344 2029 transmarinum
1383 1976 1648 2045 pallorem
1687 1975 1862 2027 facere

178 2058 232 2105 et
264 2057 479 2105 tantum
509 2053 829 2122 sanguinem
854 2069 963 2103 non
989 2069 1189 2104 creare:
1222 2051 1343 2102 uuis
1368 2051 1540 2119 nigris
1566 2050 1682 2102 fieri
1706 2049 1861 2118 forte,

103 2128 136 2180 2
178 2128 359 2179 rubeis
402 2145 579 2194 suaue,
621 2126 758 2178 albis
798 2144 928 2178 uero
961 2126 1276 2195 plerumque
1309 2125 1590 2177 mediocre.
1653 2125 1711 2175 in
1743 2142 1863 2176 con-

177 2201 370 2253 diendo
413 2219 541 2270 ergo
583 2201 710 2252 uino
745 2200 912 2269 aliqui
947 2199 1275 2252 Graecorum
1308 2202 1550 2251 mustum
1581 2198 1862 2250 decoctum

179 2276 245 2327 ad
285 2276 633 2327 medietatem
672 2275 760 2326 uel
797 2275 1014 2326 tertiam
1047 2278 1260 2343 partem
1293 2274 1420 2326 uino
1454 2271 1706 2324 adiciunt.
1771 2271 1862 2323 alii

181 2348 373 2402 Graeci
413 2349 492 2401 ita
530 2349 742 2416 iubent,
791 2367 985 2417 aquam
1025 2348 1289 2401 marinam
1329 2346 1583 2399 mundam
1624 2346 1687 2398 de
1727 2363 1863 2414 puro

179 2428 233 2476 et
275 2424 456 2492 quieto
498 2424 656 2491 mari,
707 2442 868 2491 quam
912 2442 1050 2475 anno
1093 2426 1216 2475 ante
1257 2421 1649 2490 conpleuerint‚
1698 2438 1862 2472 reser-

299 2544 323 2582 2
344 2539 652 2582 custodienda
663 2553 750 2595 pro
768 2539 999 2582 seruanda
1016 2539 1066 2582 E
1079 2539 1093 2596 {j
1112 2543 1136 2581 3
1154 2539 1477 2595 processerunt
1495 2537 1562 2594 NJ
1581 2541 1603 2579 7
1624 2549 1773 2579 emere
1795 2535 1838 2578 V

180 2605 204 2642 8
247 2599 480 2642 sterelitas
520 2599 563 2641 L
603 2601 616 2655 Η
657 2604 681 2640 9
721 2598 840 2642 nihil
873 2599 946 2655 ΡΙ
983 2612 1092 2642 11610
1132 2613 1214 2642 om.
1242 2598 1291 2641 E
1328 2599 1341 2653 Η
1383 2602 1432 2639 11
1471 2595 1614 2648 QVID
1648 2596 1698 2639 E
1738 2597 1743 2651 Ι
1785 2594 1821 2637 Ε

178 2658 331 2701 ALIIS
366 2660 414 2703 E
450 2661 464 2714 Η
504 2663 557 2700 12
593 2657 924 2710 CVRAMQVE
959 2658 1025 2712 E,
1069 2656 1463 2708 CURANDAMQ:
1499 2655 1541 2699 G
1579 2658 1592 2711 ΙΙ
1635 2660 1688 2698 13
1728 2654 1863 2697 Nunc

175 2732 261 2773 pro
287 2731 344 2760 ne
374 2718 428 2772 G,
463 2717 692 2774 Neglecta
716 2718 766 2760 E
791 2720 795 2774 Ι
823 2720 1067 2773 praeterea
1092 2717 1141 2760 E
1167 2719 1171 2773 Ι
1201 2730 1285 2758 sua
1309 2729 1389 2759 om.
1417 2716 1467 2758 E
1489 2717 1502 2771 l}
1529 2720 1582 2758 19
1616 2712 1862 2757 conuenire

173 2791 261 2832 pro
295 2777 595 2820 accomodum
621 2792 656 2832 p
685 2780 689 2832 Ι
720 2776 957 2833 stipticum
984 2777 1118 2831 1²qu
1153 2775 1371 2831 stipicum
1399 2775 1442 2817 L
1467 2777 1480 2831 Η
1506 2779 1558 2817 21
1592 2776 1751 2816 tamen
1775 2785 1864 2828 pro

179 2839 363 2878 tantun]
393 2851 427 2891 1)
470 2838 475 2893 1
517 2835 599 2878 Vis
627 2850 714 2892 pro
747 2836 850 2879 uuis
877 2851 913 2892 p
956 2839 960 2890 Ι
1004 2838 1153 2879 fronte
1183 2850 1216 2891 p
1254 2837 1268 2890 ΙΙ
1308 2839 1361 2876 23
1402 2834 1549 2891 igitur
1579 2832 1741 2875 uinum
1777 2831 1819 2875 G
1849 2831 1864 2889 ΙΙ

181 2900 235 2937 24
278 2894 437 2950 Aliqui
470 2895 579 2949 SE,
622 2895 745 2938 Alii
784 2898 797 2951 Η
837 2900 892 2937 25
941 2894 1010 2938 ita
1049 2909 1130 2938 om.
1160 2909 1195 2950 p
1238 2896 1243 2950 1
1287 2893 1559 2937 sumendam
1601 2905 1685 2947 pro
1731 2905 1862 2934 mun-

180 2954 287 2996 dam
321 2955 370 2997 E
391 2957 404 3010 ΙΙ
430 2959 484 2996 26
519 2957 626 2997 ante
661 2968 780 2997 anno
813 2955 863 2998 E
