2072 3145
756 121 950 166 AGRIC.
978 121 1063 165 ΧΠ
1089 124 1156 175 12,
1192 124 1246 163 13
1721 122 1827 173 247

148 244 422 313 paulisper
460 243 626 296 robur
667 243 860 295 aetatis
902 261 1160 311 pascuum
1209 242 1474 294 matribus
1515 243 1688 310 possit
1734 244 1831 296 ha-

148 320 275 371 bere
316 336 610 370 commune.

258 391 355 443 DE
396 389 764 444 PASOENDI
807 389 1105 443 ORDINE.
1181 389 1390 442 Pascua
1437 389 1600 442 ouillo
1643 392 1828 459 generi

147 465 304 517 utilia
335 469 474 533 sunt,
516 483 648 533 quae
681 465 767 516 uel
799 464 857 516 in
886 465 1173 516 noualibus
1213 464 1302 516 uel
1341 463 1398 515 in
1436 464 1607 532 pratis
1648 465 1831 517 siccio-

103 564 124 596 5
147 539 296 592 ribus
338 539 662 591 excitantur:
703 538 969 607 palustria
1007 556 1137 590 uero
1169 539 1331 590 noxia
1373 541 1513 605 sunt,
1556 538 1831 590 siluestria

76 932 119 964 10

74 1300 117 1332 15

70 1671 114 1702 20

70 2039 113 2071 25

147 614 404 665 damnosa
451 613 662 665 lanatis.
742 612 868 664 salis
918 615 1100 665 tamen
1148 613 1336 664 crebra
1384 613 1692 683 conspersio
1742 613 1830 664 uel

146 688 359 755 pascuis
407 687 578 739 mixta
625 687 712 738 uel
764 686 1042 738 canalibus
1095 685 1405 754 frequenter
1446 686 1631 738 oblata
1670 686 1830 738 debet

146 762 354 828 pecoris
395 762 574 813 leuare
614 761 910 813 fastidium.
988 779 1113 812 nam
1152 779 1249 828 per
1287 760 1542 826 hiemem,
1583 760 1629 812 si
1668 778 1831 828 penu-

145 835 226 888 ria
267 839 350 887 est
388 833 498 887 feni
537 835 623 886 uel
663 835 870 903 paleae,
916 834 1059 887 uicia,
1098 835 1185 886 uel
1226 833 1437 886 facilior
1475 834 1653 886 uictus
1695 834 1830 885 ulmi

146 909 373 961 seruatis
429 909 710 961 frondibus
775 909 1100 976 praebeatur
1156 911 1248 960 aut
1301 907 1514 960 fraxini.
1604 908 1826 960 aestiuis

145 983 418 1036 mensibus
465 986 756 1050 pascantur
804 983 901 1034 sub
961 983 1097 1035 lucis
1149 982 1334 1049 initiO,
1392 1000 1512 1034 cum
1564 983 1826 1050 graminis

145 1057 315 1109 teneri
364 1057 690 1109 suauitatem
737 1057 875 1108 roris
924 1056 1160 1108 mixtura
1201 1057 1553 1109 commendat.
1633 1059 1828 1124 quarta

144 1131 277 1182 hora
325 1131 621 1182 calescente
668 1134 830 1198 potus
878 1130 1001 1198 puri
1047 1130 1285 1182 fluminis
1335 1134 1428 1181 aut
1479 1130 1627 1198 putei
1673 1148 1828 1198 prae-

144 1205 336 1256 beatur
392 1207 484 1256 aut
538 1204 720 1256 fontis.
813 1204 1017 1256 medios
1068 1204 1197 1256 solis
1256 1205 1459 1256 calores
1516 1204 1675 1255 uallis
1732 1208 1827 1255 aut

144 1278 305 1330 arbor
336 1279 594 1331 umbrosa
625 1277 868 1330 declinet.
933 1279 1120 1330 deinde
1161 1278 1256 1330 ubi
1295 1278 1432 1330 flexo
1475 1278 1578 1329 iam
1622 1278 1705 1329 die
1747 1297 1828 1329 ar-

142 1352 239 1404 dor
271 1352 587 1422 infringitur
628 1355 681 1403 et
723 1352 899 1404 solum
937 1353 1112 1420 primo
1153 1352 1326 1404 imbre
1358 1352 1656 1420 uespertini
1687 1351 1825 1403 roris

139 1426 432 1494 humescit,
474 1443 694 1495 gregem
734 1444 1047 1478 reuocemus
1090 1427 1155 1477 ad
1194 1443 1408 1493 pascua.
1486 1426 1578 1477 sed
1621 1426 1827 1478 canicu-

139 1500 345 1555 laribus
387 1504 441 1552 et
482 1499 703 1551 aestiuis
745 1500 932 1551 diebus
973 1500 1051 1550 ita
1089 1500 1387 1568 pascendae
1421 1503 1548 1551 sunt
1581 1517 1724 1567 oueS,
1765 1503 1825 1551 ut

141 1574 320 1642 capita
345 1573 525 1644 gregis
557 1592 766 1641 semper
792 1577 1108 1625 auertantur
1141 1592 1172 1624 a
1205 1572 1334 1626 solis
1370 1573 1599 1626 obiectu.
1648 1574 1825 1625 hieme

140 1652 320 1699 autem
361 1649 447 1699 uel
488 1666 613 1699 uere
646 1648 752 1699 nisi
783 1647 1038 1700 resolutis
1073 1647 1338 1717 gelicidiis
1373 1648 1439 1699 ad
1470 1665 1672 1716 pascua
1703 1665 1824 1716 pro—

140 1721 251 1773 dire
302 1740 412 1774 non
465 1721 683 1772 debent:
742 1740 868 1772 nam
926 1722 1183 1789 pruinosa
1242 1721 1410 1773 herba
1460 1720 1586 1772 huic
1639 1720 1825 1790 generi

141 1796 358 1855 morbos
394 1794 614 1847 creabit.
670 1813 730 1846 ac
764 1798 892 1846 tunc
935 1795 1098 1856 semel
1133 1813 1329 1862 aquare
1373 1794 1620 1846 sufficiet.
1676 1813 1826 1864 grae-

141 1887 227 1920 cas
278 1887 404 1939 oues
455 1869 592 1919 sicut
640 1869 852 1920 asianas
901 1869 986 1920 uel
1035 1869 1331 1920 tarentinas
1382 1869 1547 1920 moris
1597 1871 1678 1920 est
1719 1872 1826 1920 sta-

140 1942 266 1994 bulo
294 1943 478 2010 potius
503 1942 710 1994 nutrire
737 1961 898 2010 quam
932 1961 1120 2010 campo
1155 1946 1208 1994 et
1239 1943 1475 2010 pertusis
1508 1942 1708 1994 tabulis
1743 1961 1825 1994 so-

140 2017 269 2086 lum,
301 2018 358 2068 in
390 2035 494 2085 quo
530 2016 859 2082 claudentur,
899 2016 1211 2084 insternere,
1250 2020 1311 2068 ut
1352 2017 1428 2068 sic
1461 2020 1582 2068 tuta
1623 2017 1823 2068 cubilia

137 2093 360 2158 propter
391 2090 644 2141 iniuriam
670 2089 898 2158 pretiosi
929 2090 1145 2142 uelleris
1178 2109 1335 2142 umor
1367 2090 1555 2141 reddat
1589 2089 1822 2142 elaberis,

139 2165 229 2216 sed
270 2164 445 2216 tribus
487 2182 581 2231 per
626 2182 824 2215 annum
868 2167 1044 2215 totum
1088 2165 1278 2216 diebus
1324 2164 1503 2232 aprico
1554 2164 1636 2216 die
1678 2165 1820 2215 lotas

258 2328 279 2365 1
298 2326 486 2379 pastum
512 2323 634 2367 SlE
660 2325 664 2379 Ι
695 2337 799 2366 cum
821 2324 971 2366 matre
988 2324 1037 2366 E
1063 2326 1067 2379 Ι
1096 2323 1275 2379 possint
1300 2325 1435 2380 icys,
1469 2338 1550 2367 om
1571 2338 1606 2377 p
1630 2324 1644 2378 Η
1669 2327 1694 2364 3
1712 2324 1820 2366 titu-

137 2383 231 2424 lum
261 2383 341 2425 hoc
373 2383 465 2426 loco
497 2397 579 2426 om.
615 2383 664 2425 E
701 2384 706 2437 Ι
747 2381 871 2425 ouilo
903 2384 1007 2438 i115
1039 2382 1273 2425 Plaustria
1306 2383 1355 2424 E
1376 2385 1389 2438 Η
1415 2387 1439 2425 6
1474 2381 1611 2424 scalis
1653 2382 1696 2423 V
1719 2384 1723 2436 ἰ
1752 2395 1821 2424 re-

139 2440 312 2496 spersio
336 2442 355 2483 i
378 2444 391 2497 ΙΙ
416 2446 441 2484 8
466 2440 692 2507 penuaria
718 2442 763 2483 P
788 2444 792 2497 ᾖ
821 2440 1009 2484 faenum
1033 2443 1076 2485 L
1095 2442 1138 2484 V
1146 2442 1207 2496 G,
1240 2442 1427 2484 foenum
1452 2455 1568 2484 mes
1592 2443 1606 2496 Η
1632 2445 1655 2483 9
1681 2440 1821 2496 palea

135 2501 287 2556 iaeqs
315 2502 320 2555 Ι
347 2500 425 2543 uel
455 2500 579 2543 uicia
604 2515 752 2544 omnes
771 2506 952 2555 praeter
978 2501 1032 2555 G,
1067 2502 1145 2556 qui
1168 2500 1345 2556 paleae
1395 2499 1470 2543 uel
1495 2499 1614 2542 uitia
1638 2500 1779 2542 habet
1806 2503 1820 2557 ,Ι

139 2563 193 2601 10
225 2558 346 2601 fraxi
378 2560 531 2602 PLV
538 2560 603 2614 F,
636 2559 738 2601 fiax
770 2559 819 2600 in
851 2560 900 2601 E
921 2564 934 2612 ΙΙ
972 2565 1023 2602 12
1057 2559 1308 2602 mixturam
1344 2559 1384 2602 G
1409 2561 1422 2615 Η
1457 2564 1509 2601 14
1544 2558 1652 2601 solis
1687 2558 1820 2601 aido·

134 2631 206 2660 res
242 2619 323 2660 aut
348 2632 383 2673 p
407 2620 421 2674 ΙΙ
448 2624 500 2661 15
535 2619 670 2661 arbor
703 2617 954 2660 infrinatur
986 2619 1036 2661 E
1057 2621 1070 2674 Η
1097 2624 1149 2661 18
1184 2632 1291 2661 oues
1327 2632 1407 2661 om.
1446 2618 1487 2661 G
1510 2620 1523 2673 Η
1552 2621 1603 2659 19
1639 2630 1820 2672 semper

137 2691 219 2720 om
254 2678 303 2719 E
328 2679 332 2732 1
360 2676 512 2720 hieme
544 2691 653 2720 uero
680 2678 729 2719 E
751 2679 763 2732 Ι]
790 2682 842 2718 22
878 2677 1113 2733 adaquare
1140 2678 1211 2720 F
1193 2692 1368 2734 moys
1405 2690 1525 2731 aqua
1553 2677 1594 2719 G
1617 2676 1621 2729 J
1645 2689 1817 2731 aquare

137 2735 280 2778 semel
311 2737 361 2778 E
401 2740 406 2791 Ι
449 2736 527 2778 DE
562 2735 641 2778 ΟΥ
646 2736 779 2778 IBUS
815 2735 1066 2780 GRAECIS
1098 2738 1258 2780 inserit
1289 2736 1323 2779 δ’
1361 2739 1374 2792 ΙΙ
1414 2741 1468 2778 23
1512 2735 1665 2778 asinas
1698 2736 1813 2778 Ei
1810 2761 1812 2766 .

134 2794 418 2838 terentinam
438 2795 530 2837 PL
549 2796 591 2836 V
596 2795 680 2838 ST
689 2795 753 2849 Γ
779 2794 1034 2838 terentinas
1056 2795 1110 2849 G,
1136 2795 1425 2838 tarentianas
1443 2795 1515 2852 E}
1538 2796 1608 2836 est
1632 2808 1714 2837 om
1733 2794 1783 2836 E
1808 2780 1813 2852 j

133 2853 290 2908 potius
317 2853 500 2897 stabulo
530 2855 701 2911 1ῗ,αο93
737 2853 920 2896 stabulo
946 2860 986 2898 et
1009 2853 1184 2897 nutrire
1209 2868 1291 2898 om.
1313 2869 1346 2909 p
1370 2857 1384 2909 Η
1409 2859 1462 2896 25
1489 2853 1716 2896 instruere
1735 2853 1784 2896 E
1804 2857 1818 2894 ιι

137 2913 184 2954 et
216 2911 280 2954 sic
313 2913 354 2955 L
379 2915 392 2968 Η
418 2918 471 2955 26
503 2916 692 2968 propter
723 2912 941 2954 iniuriam
973 2927 1053 2956 om.
1089 2914 1138 2956 E
1159 2916 1172 2968 Η
1199 2918 1251 2955 27
1285 2915 1435 2955 totum
1467 2913 1571 2956 mol.
1604 2926 1624 2955 s

1867 909 1903 960 4
