2014 3169
87 936 128 967 10

88 1306 130 1338 15

86 1678 128 1708 20

85 2048 127 2080 25

855 123 1047 167 AGRIC.
1075 124 1096 166 Ι
1122 129 1145 166 6
1803 123 1837 174 9

150 247 295 299 mala
341 263 507 314 aeque
555 249 775 314 nocent,
824 245 1108 312 sterilitaS,
1157 245 1402 311 morbuS,
1449 244 1676 296 uicinus
1747 243 1838 311 qui
1897 245 1928 295 7

150 326 352 372 terram
404 320 640 372 sterilem
691 320 862 371 uineis
913 321 1162 386 occupat,
1211 321 1264 370 et
1310 317 1588 370 laboribus
1633 318 1743 369 suis
1786 321 1839 369 et

152 394 458 462 sumptibus
501 398 583 446 est
622 392 890 445 inimicus.
960 392 1135 460 campi
1175 392 1382 461 largius
1422 392 1632 459 uinum,
1674 392 1837 444 colles

151 468 388 521 nobilius
437 467 631 520 ferunt.
710 468 892 536 aquilo
942 467 1080 518 uites
1130 466 1234 517 sibi
1284 467 1522 518 obiectas
1569 465 1839 534 fecundat,

154 546 335 595 auster
377 542 650 593 nobilitat.
726 542 806 593 ita
851 541 908 592 in
957 540 1183 592 arbitrio
1226 544 1332 607 est,
1381 540 1502 608 plus
1542 540 1837 591 habeamus

153 636 222 669 an
253 616 460 668 melius,
514 616 806 668 necessitas
839 614 988 666 feriis
1024 618 1183 666 caret.
1240 613 1487 682 quamuis
1521 613 1838 682 temperatis

153 690 299 760 agris
335 690 617 742 serendum
650 690 736 758 sit,
767 694 950 741 tamen
983 689 1028 739 si
1063 688 1278 740 siccitas
1311 689 1475 757 longa
1504 692 1601 752 est,
1636 687 1841 739 semina

154 768 339 817 occata
384 764 558 816 tutius
606 764 663 815 in
712 762 856 833 agris
906 781 1067 831 quam
1115 763 1170 813 in
1210 762 1421 814 horreis
1463 763 1841 814 seruabuntur.

153 839 271 891 uiae
320 839 529 889 malitia
578 856 744 906 aeque
791 841 844 889 et
882 835 1182 904 voluptatis
1224 840 1278 888 et
1318 835 1576 888 utilitatis
1617 837 1843 887 aduersa

156 916 251 964 est.
316 913 407 980 qui
441 930 632 982 agrum
666 911 808 977 colit,
849 929 1071 981 grauem
1104 910 1327 962 tributis
1363 911 1683 963 creditorem
1709 910 1844 977 pati-
1918 913 1932 930 ³

156 994 258 1054 tur,
293 987 377 1039 cui
403 986 515 1038 sine
543 1004 636 1054 spe
663 986 1023 1038 absolutionis
1052 985 1346 1036 obstrictus
1374 987 1469 1036 est.
1524 984 1616 1052 qui
1643 984 1842 1035 arando

157 1061 379 1114 crudum
437 1060 613 1112 solum
659 1059 801 1112 inter
849 1060 1026 1112 sulcos
1076 1057 1356 1127 relinquit,
1414 1058 1525 1110 suis
1576 1057 1843 1110 fructibus

156 1136 407 1204 derogat,
469 1137 644 1186 terrae
707 1135 1016 1185 ubertatem
1083 1133 1326 1185 infamat.
1420 1132 1699 1184 fecundior
1762 1137 1844 1183 est

157 1210 305 1262 culta
337 1207 606 1277 exiguitas
642 1227 802 1276 quam
829 1207 1147 1277 magnitudo
1173 1207 1436 1275 neglecta.
1491 1206 1675 1276 nigras
1702 1206 1842 1258 uites

157 1283 374 1335 omnino
409 1282 655 1351 repudies
688 1282 793 1334 nisi
824 1281 880 1333 in
913 1281 1208 1349 prouinciis
1243 1284 1298 1332 et
1331 1281 1443 1332 eius
1475 1280 1704 1349 generis,
1738 1298 1842 1347 quo

157 1356 505 1409 acinaticium
539 1356 658 1408 fieri
692 1355 989 1408 consueuit.
1043 1353 1259 1424 longius
1295 1355 1681 1407 adminiculum
1714 1353 1844 1406 uitis

155 1433 489 1483 incrementa
528 1431 792 1498 producit.
861 1433 1104 1481 teneram
1145 1433 1199 1481 et
1239 1428 1468 1480 uiridem
1506 1429 1676 1480 uitem
1717 1428 1846 1479 ferri

156 1506 267 1558 acie
308 1523 374 1556 ne
415 1503 639 1556 recidas,
703 1504 877 1556 omnis
919 1504 1157 1556 incisura
1198 1503 1458 1555 sarmenti
1500 1506 1780 1554 auertatur
1817 1521 1846 1553 a

154 1597 381 1649 gemma,
413 1597 480 1630 ne
516 1597 634 1630 eam
669 1578 832 1645 stilla,
867 1596 1001 1646 quae
1028 1578 1192 1630 fluere
1219 1578 1516 1646 consueuit,
1548 1578 1845 1645 extinguat.

152 1673 251 1723 pro
299 1653 470 1705 macie
518 1653 606 1704 uel
655 1652 930 1704 soliditate
978 1651 1175 1703 uitium
1229 1650 1518 1703 nutrienda
1573 1654 1846 1702 sarmenta

153 1730 376 1796 putator
432 1727 697 1796 iniungat.
775 1730 921 1778 terra
973 1725 1265 1795 profunda,
1322 1726 1464 1794 quod
1515 1723 1707 1776 Graeci
1761 1725 1848 1775 ad-

155 1805 364 1869 serunt,
407 1801 555 1853 oleae
598 1800 827 1870 grandes
871 1801 1090 1852 arbores
1133 1799 1323 1865 efficit,
1363 1799 1572 1851 fructus
1610 1799 1845 1850 minores

154 1880 208 1927 613
249 1878 477 1943 aquatos
520 1893 580 1926 ac
623 1893 770 1926 seros
805 1875 1087 1943 magisque
1121 1891 1367 1925 amurcae
1403 1873 1692 1941 proximos
1757 1891 1847 1924 aer

155 1951 300 2002 oleas
350 1948 564 2017 tepidus
612 1949 765 2000 iuuat
814 1951 867 1999 et
913 1948 1092 2006 uentis
1133 1947 1495 2000 mediocribus
1537 1948 1651 1999 sine
1692 1947 1748 1997 ui
1791 1950 1844 1998 et

152 2025 375 2076 horrore
414 2022 726 2091 perflabilis.
790 2021 943 2089 611316,
986 2040 1119 2090 quae
1161 2022 1226 2073 ad
1267 2022 1456 2090 iugum
1491 2021 1708 2087 colitur,
1747 2039 1842 2089 per
1868 2021 1938 2072 10

275 2158 296 2196 1
341 2155 449 2195 sunt
504 2166 624 2207 quae
672 2155 778 2208 (pro
828 2155 998 2208 aeque)
1039 2153 1089 2195 Ε
1143 2153 1148 2209 Ι
1208 2153 1275 2195 Ι)6
1322 2154 1447 2195 terra
1496 2151 1644 2194 sterili
1691 2150 1845 2193 vinea-

152 2228 254 2255 rum
288 2215 373 2256 etc.
410 2212 541 2255 addit
581 2212 644 2255 63
675 2213 726 2254 in
761 2214 962 2269 maryine
986 2214 999 2267 Η
1033 2217 1056 2254 2
1090 2211 1319 2255 latoribus
1357 2212 1432 2266 Gl,
1474 2210 1701 2253 lateribus
1738 2210 1802 2254 63
1834 2221 1847 2267 g

153 2278 178 2315 3
211 2271 399 2327 iniquus
433 2271 535 2324 SE,
569 2271 719 2313 inicus
753 2271 802 2314 F
838 2274 850 2327 Η
892 2275 919 2313 4
952 2271 1018 2314 De
1054 2285 1159 2314 aere
1193 2274 1239 2314 et
1272 2270 1370 2313 celo
1405 2284 1525 2325 quae
1557 2269 1703 2312 vineis
1738 2284 1845 2312 con-

152 2331 284 2374 venit
317 2333 404 2374 etc.
440 2331 571 2374 addit
606 2331 671 2373 63
703 2332 753 2373 m
787 2331 989 2387 margyine
1013 2332 1026 2386 Η
1060 2336 1084 2372 5
1118 2330 1167 2372 in
1201 2329 1395 2372 arbitrio
1428 2332 1587 2372 nostro
1624 2329 1802 2386 Gacys
1839 2365 1840 2369 ,

153 2395 311 2433 utrum
340 2389 446 2446 plus
479 2404 554 2446 cy,
589 2390 784 2447 [utrum]
819 2389 922 2445 plus
955 2404 976 2433 S
1030 2393 1043 2446 ΙΙ
1099 2395 1123 2432 6
1155 2389 1380 2432 nobilitas
1415 2389 1497 2443 Fu
1523 2393 1546 2431 8
1580 2388 1739 2431 locata
1773 2403 1799 2430 (e
1833 2388 1847 2445 ἰί

155 2454 180 2492 9
214 2449 320 2491 uiae
353 2462 434 2492 om.
463 2463 519 2504 p,
553 2449 633 2491 uia
665 2450 828 2492 habent
861 2449 958 2492 VE
983 2450 987 2506 Ι
1016 2448 1227 2492 malitiae
1264 2450 1320 2504 q),
1364 2447 1575 2490 malitiae
1614 2461 1760 2502 aeque
1795 2448 1846 2501 V,

153 2507 339 2551 malitia
372 2521 398 2550 a
431 2521 551 2562 quae
583 2508 673 2551 uol.
703 2523 738 2563 1)
767 2511 771 2561 Ι
802 2510 848 2550 et
879 2507 1116 2564 uoluptati
1148 2508 1210 2551 S‘2
1241 2522 1404 2563 supra,
1452 2507 1737 2562 TFGacys
1765 2508 1769 2562 1
1801 2508 1848 2548 613

154 2565 355 2610 utilitati
388 2566 442 2610 S²
473 2581 639 2622 supra,
676 2568 716 2609 T
724 2568 772 2609 F
781 2567 893 2611 Gac
902 2582 978 2624 ys,
1016 2569 1063 2610 et
1096 2566 1328 2622 aequitati
1361 2567 1395 2609 S
1404 2566 1429 2620 1,
1465 2580 1533 2609 om
1566 2566 1615 2607 E
1636 2567 1649 2620 Η
1677 2570 1730 2608 10
1764 2565 1847 2607 tri-

153 2626 259 2670 buti
294 2627 335 2670 6
369 2627 382 2681 ΙΙ
418 2630 468 2667 11
506 2629 577 2669 6613
609 2626 861 2669 obstrictus
895 2627 940 2681 S,
975 2625 1195 2669 astrictus
1229 2628 1385 2682 *z'acgss
1410 2627 1422 2680 ΙΙ
1458 2630 1510 2667 13
1545 2627 1708 2680 erogat
1743 2624 1801 2680 Ql
1839 2625 1842 2683 Ι

154 2687 270 2729 uber
309 2685 402 2728 VT
413 2685 453 2728 6
500 2687 513 2740 ΙΙ
564 2690 617 2728 14
650 2685 716 2728 De
749 2685 1027 2741 probatione
1059 2685 1226 2728 vitium
1259 2686 1390 2727 addit
1424 2684 1487 2727 63
1521 2685 1571 2726 in
1603 2685 1808 2740 maryine
1833 2684 1847 2741 ’ξ

157 2751 210 2788 15
245 2747 291 2788 et
323 2757 404 2787 om.
433 2743 534 2799 SE⁷
567 2744 617 2787 in
649 2744 819 2800 quibus
851 2746 1033 2788 habeta
1058 2747 1070 2800 Ι]
1100 2750 1151 2787 16
1189 2743 1446 2787 acinatium
1471 2743 1673 2797 IUSTE,
1709 2742 1848 2785 acina

159 2804 281 2848 cium
313 2803 369 2859 (ti
403 2806 533 2859 eras.)
562 2804 603 2846 6
632 2806 636 2859 Ι
667 2803 910 2847 consueuit
941 2803 1040 2847 fieri
1071 2805 1111 2846 T
1131 2807 1144 2859 Η
1171 2808 1224 2846 18
1257 2803 1325 2845 Ι)6
1355 2801 1578 2845 incisione
1603 2801 1847 2845 vinearum

157 2878 238 2907 seu
283 2861 530 2918 putatione
579 2865 663 2906 eto.
714 2864 845 2907 addit
896 2863 960 2906 63
1006 2865 1058 2906 in
1104 2864 1308 2919 vmargn'ne
1348 2865 1360 2918 ΙΙ
1410 2867 1460 2904 21
1503 2860 1716 2916 mittigat
1755 2861 1804 2903 E

158 2929 214 2966 ⁶24
249 2921 376 2965 olera
410 2922 459 2963 E
484 2922 488 2977 Ι
517 2924 684 2965 uentus
717 2922 963 2965 mediocris
998 2937 1025 2965 a
