2014 3169
830 142 1171 188 PRAEFATIO
1805 145 1850 190 V

163 289 285 320 num
324 271 487 334 codex,
529 270 616 333 qui
653 272 862 319 vocatur
899 269 1188 333 Vossianus,
1227 270 1358 318 idem
1397 273 1525 318 esset
1564 287 1621 318 ac
1658 270 1847 320 Grono-

159 347 364 408 vianus,
424 344 543 406 quia
600 344 869 393 nonnullae
922 343 1160 392 Gronovii
1216 344 1453 392 lectiones
1509 361 1538 392 a
1588 345 1845 394 Perizonio

162 420 432 468 adnotatae
482 435 582 466 non
632 421 814 481 essent,
866 417 1082 466 conlatio
1133 417 1270 465 illius
1317 418 1604 482 diligentior
1648 419 1849 467 videtur

165 509 269 542 esse
332 509 483 555 quam
541 492 711 540 hujus:
774 508 891 539 nam
943 493 1135 539 ceterae
1188 492 1445 556 lectiones,
1509 509 1636 555 quae
1689 493 1847 554 pluri-

161 583 271 615 mae
323 567 384 614 ab
430 569 644 628 utroque
684 566 999 629 adferuntur,
1046 565 1177 613 inter
1223 581 1273 613 se
1319 567 1467 628 plane
1515 567 1845 615 consentiunt.

162 643 385 690 ceterum
439 641 618 689 codicis
678 639 1048 703 Lugdunensis,
1111 656 1209 701 quo
1264 640 1302 687 I.
1357 640 1410 688 F.
1460 640 1739 689 Gronovius
1795 643 1846 689 et

163 715 202 764 I.
241 714 430 763 Ulitius
469 715 549 762 usi
587 716 725 778 sunt,
764 713 942 762 folium
981 729 1132 775 supra
1172 717 1612 762 commemoratum
1650 717 1851 777 praeter

161 789 254 839 illa
292 789 492 837 nomina
540 789 692 836 etiam
735 788 858 836 haec
895 787 1047 835 verba
1093 787 1335 836 continet:
1387 788 1528 836 iussu
1573 789 1671 837 Iac.
1711 789 1847 837 Peri-

162 863 294 912 zonii
333 863 544 911 collatus
585 864 660 911 est
690 862 841 910 codex
871 861 1087 909 Palladii
1117 862 1170 908 in
1200 877 1348 909 usum
1374 861 1483 909 Chr.
1512 863 1846 926 Schoettgeni.

273 937 342 984 Et
374 936 795 1000 Cantabrigiensis
835 936 1015 984 codicis
1054 936 1290 984 lectiones
1328 952 1517 997 paucae
1559 937 1621 983 ad
1659 937 1848 998 priores

162 1011 381 1059 Palladii
419 1011 568 1059 libros
609 1010 670 1058 ab
709 1010 768 1057 A.
811 1010 1058 1058 Gronovio
1100 1012 1511 1058 commemoratae
1552 1005 1716 1058 sunt.1

274 1084 476 1133 Codices
539 1086 708 1132 autem
760 1084 998 1147 Palladii,
1063 1085 1243 1146 quibus
1297 1084 1393 1132 Iac.
1448 1084 1726 1133 Gronovius
1782 1086 1846 1133 ad

161 1158 478 1208 Collectanea
525 1174 615 1206 sua
662 1173 782 1205 usus
823 1152 941 1221 est2,
991 1158 1157 1206 Italici
1207 1158 1359 1206 fuisse
1410 1159 1665 1206 videntur:
1719 1175 1844 1222 quos

157 1250 256 1281 non
296 1233 540 1281 novimus.

269 1307 381 1354 Huc
414 1306 616 1370 accedit,
658 1306 791 1368 quod
824 1321 852 1353 a
883 1306 1160 1354 Pontedera
1191 1306 1243 1353 in
1275 1306 1502 1354 Palladio
1537 1307 1842 1355 emendando

156 1382 358 1443 praeter
396 1380 520 1428 31105
559 1380 710 1428 libros
744 1380 897 1428 etiam
932 1380 1120 1428 codices
1153 1380 1424 1428 Vaticanos
1457 1381 1705 1429 adhibitos
1739 1396 1843 1428 esse

154 1454 214 1502 fit
252 1447 492 1503 mentio3:
548 1471 646 1516 quo
695 1454 747 1501 in
793 1470 998 1502 numero
1048 1470 1111 1501 an
1157 1454 1241 1502 ille
1281 1454 1578 1518 Vaticanus,
1632 1455 1690 1502 de
1744 1471 1842 1517 quo

156 1530 333 1590 postea
371 1528 638 1591 paululum
673 1528 963 1592 disseretur,
1002 1529 1338 1576 numerandus
1381 1529 1459 1592 sit,
1499 1529 1678 1577 nescio.
1748 1529 1845 1577 lec-

156 1603 317 1651 tiones
366 1619 562 1665 quoque
611 1619 669 1650 ex
712 1602 924 1651 vetustis
971 1602 1300 1651 bibliothecae
1348 1603 1717 1651 Laurentianae
1767 1619 1846 1652 co-

155 1677 348 1725 dicibus
394 1693 484 1740 per
533 1676 749 1725 amicum
795 1676 1059 1739 quemdam
1112 1677 1382 1739 exscriptas
1429 1677 1708 1725 Pontedera
1758 1677 1845 1725 1116

154 1751 208 1798 111
246 1766 396 1798 usum
435 1765 583 1798 suum
621 1745 910 1799 convertit.4

267 1825 674 1873 Vratislaviensis
715 1827 883 1872 autem
914 1824 1129 1871 Palladii
1169 1825 1320 1873 codex
1357 1825 1687 1873 bibliothecae
1712 1825 1841 1872 Rhe-

155 1898 475 1963 dingerianae
509 1914 538 1945 a
571 1898 620 1946 C.
657 1899 930 1946 Schwarzio
964 1899 1217 1960 inspectus
1251 1914 1353 1947 esse
1388 1899 1582 1962 dicitur,
1623 1899 1674 1946 id
1708 1899 1843 1961 quod

155 1974 331 2034 pateat
363 1989 420 2020 ex
454 1972 771 2021 adnotatione
805 1972 910 2020 eius
944 1973 1007 2033 ad
1039 1973 1302 2034 epistolam
1325 1973 1540 2020 Palladii
1571 1973 1697 2021 libro
1723 1972 1842 2020 XIV

154 2040 532 2108 praemissam5:
573 2047 657 2094 sed
687 2061 948 2110 nusquam,
991 2047 1124 2108 quod
1157 2064 1246 2110 ego
1282 2048 1447 2111 sciam,
1487 2047 1624 2095 illius
1658 2046 1839 2095 codicis

153 2121 391 2169 lectiones
429 2120 761 2183 reperiuntur.

266 2195 334 2242 Et
383 2197 482 2242 tres
533 2195 684 2243 libros
735 2210 888 2242 manu
935 2195 1142 2256 scriptos
1192 2195 1252 2241 ab
1300 2195 1336 2242 I.
1373 2195 1566 2243 Wassio
1616 2195 1839 2243 conlatos

156 2283 260 2316 esse
302 2268 626 2316 Schneiderus
668 2269 826 2317 obiter
864 2262 1318 2317 commemoravitss:
1376 2284 1500 2331 quos
1532 2269 1838 2332 Anglicanos

155 2342 308 2390 fuisse
347 2342 602 2404 probabile
643 2344 730 2390 est.

270 2415 463 2464 Codicis
519 2419 688 2464 autem
741 2433 895 2463 manu
948 2417 1142 2479 scripti,
1199 2417 1286 2478 qui
1338 2417 1483 2464 hodie
1537 2417 1734 2464 Erfurti
1788 2417 1842 2463 in

155 2489 456 2538 bibliotheca
501 2491 640 2554 regia
678 2484 776 2554 {sub
825 2491 965 2554 signo
1009 2490 1124 2540 Cod.
1163 2490 1393 2553 Amplon.
1434 2491 1486 2536 in
1527 2487 1608 2552 (lt-0
1649 2492 1713 2539 15
1758 2490 1843 2537 ad-

278 2649 299 2687 1
335 2644 604 2689 Schneideri
635 2647 744 2689 tom.
771 2645 836 2688 IH
857 2645 1001 2703 praef.
1028 2646 1082 2690 X.
1111 2672 1163 2678 —-
1190 2651 1215 2688 2
1243 2645 1392 2689 Geelii
1417 2644 1669 2701 Catalogus
1693 2645 1837 2689 libro-

153 2718 258 2746 rum
303 2718 433 2760 mss.,
487 2704 569 2760 qui
614 2704 723 2748 inde
772 2705 829 2748 ab
880 2719 1000 2749 anno
1049 2709 1160 2748 1741
1211 2704 1837 2762 Bibliothecae-Lugduno·

155 2762 365 2806 Batavae
399 2766 711 2819 accesserunt,
755 2769 890 2820 1852,
930 2780 972 2808 n.
1009 2768 1107 2809 603.
1142 2790 1197 2796 —
1231 2769 1255 2806 3
1292 2763 1484 2807 Gesneri
1520 2764 1664 2820 praef.
1698 2763 1836 2820 XLV,

157 2821 427 2865 Schneideri
469 2825 578 2865 tom.
612 2823 676 2866 III
717 2823 862 2879 praef.
895 2823 1013 2867 VIII.
1051 2850 1103 2855 -
1136 2828 1164 2866 4
1198 2821 1389 2866 Gesneri
1431 2823 1576 2880 praef.
1610 2822 1746 2867 XLV.
1779 2848 1838 2855 —-
1918 2838 1926 2846 ·

156 2885 182 2923 5
239 2879 432 2924 Gesneri
483 2882 628 2937 praef.
678 2882 781 2938 XV,
840 2882 1108 2926 Schneidcri
1155 2884 1265 2927 tom.
1313 2882 1377 2924 ΠΙ
1421 2882 1566 2938 praef.
1611 2882 1731 2925 VIII.
1778 2908 1838 2913 —-

156 2943 183 2982 6
216 2939 341 2984 Tom.
375 2940 440 2984 III
468 2941 613 2997 praef.
646 2941 742 2985 XH.
