2014 3169
801 106 996 150 AGRIC.
1022 107 1043 149 I
1069 111 1241 150 12—16
1796 107 1864 159 19

178 246 362 279 uerem
416 227 647 279 mixtum
703 246 823 279 cum
881 228 1022 280 calce
1078 228 1333 280 ducemus
1383 231 1436 280 et
1481 229 1746 297 poliemus
1800 231 1864 281 ad

180 319 450 353 summum
484 302 730 353 nitorem.

637 493 735 545 DE
779 491 1019 545 OPERE
1061 492 1403 546 ALBARIO.

295 596 443 665 Opus
471 615 683 665 quoque
702 597 967 648 albarium
994 615 1152 665 saepe
1179 597 1422 664 delectat,
1448 597 1532 649 cui
1559 597 1759 650 calcem
1788 597 1953 650 XIIII

136 670 494 724 5debebimus
544 671 821 740 adhibere,
868 688 988 722 cum
1036 671 1207 723 multo
1258 675 1500 739 tempore
1548 671 1712 724 fuerit
1756 691 1863 724 ma-

181 747 374 797 cerata.
452 763 580 814 ergo
635 748 697 796 ut
751 745 942 796 utilem
992 745 1212 813 probeS‚
1268 745 1413 797 ascia
1461 745 1659 797 calcem
1707 746 1862 815 quasi

179 818 388 888 lignum
436 818 659 871 dolabis,
731 818 776 870 si
824 837 1094 887 nusquam
1136 820 1275 871 acies
1318 819 1430 870 eius
1473 819 1753 871 offenderit
1794 825 1860 887 et,

181 893 324 961 quod
372 893 546 945 asciae
595 893 872 960 adhaeret,
925 893 1090 944 fuerit
1145 893 1307 945 molle
1365 896 1525 962 atque
1572 894 1861 956 uiscosum‚

180 970 394 1019 constat
435 966 654 1018 albariis
696 965 948 1035 operibus
991 967 1291 1019 conuenire.

110 1181 151 1211 10
749 1158 846 1210 DE
888 1158 979 1210 ΤΕ
989 1158 1289 1213 CTORHS,

287 1260 564 1314 Parietum
603 1281 730 1314 uero
779 1265 989 1314 tectura
1036 1263 1112 1314 sic
1158 1263 1253 1315 fiet
1298 1262 1456 1315 fortis
1508 1267 1562 1315 et
1608 1264 1795 1315 nitida.
1844 1263 1947 1316 XV

175 1336 351 1403 prima
390 1335 568 1388 trullis
609 1335 984 1404 frequentetur
1022 1336 1280 1389 inductio.
1355 1355 1475 1389 cum
1516 1338 1705 1390 siccari
1747 1357 1860 1390 coe-

174 1409 332 1477 perit,
370 1410 566 1462 iterum
599 1406 885 1462 inducatur
918 1429 979 1463 ac
1012 1411 1190 1463 tertio.
1252 1415 1377 1480 post
1408 1411 1540 1464 haec
1573 1412 1680 1463 tria
1713 1414 1858 1465 coria

175 1501 238 1535 ex
287 1502 554 1536 marmore
595 1501 764 1553 grano
807 1484 1148 1553 cooperiatur
1188 1485 1253 1536 ad
1295 1485 1529 1538 trullam.
1604 1504 1737 1554 quae
1776 1486 1858 1537 in-

103 1580 144 1611 15
171 1558 350 1610 ductio
400 1562 523 1610 ante
571 1561 684 1610 tam
732 1559 823 1610 diu
872 1559 1172 1628 subigenda
1213 1562 1316 1627 est,
1364 1563 1425 1611 ut
1466 1563 1702 1629 rutrum,
1752 1579 1856 1629 quo

171 1632 289 1684 calx
329 1632 622 1702 subigitur,
664 1632 924 1684 mundum
964 1633 1218 1685 leuemus
1289 1633 1421 1686 haec
1463 1652 1674 1702 quoque
1715 1654 1856 1686 mar-

171 1706 337 1758 moris
371 1706 527 1775 grani
558 1707 799 1759 inductio
836 1725 957 1758 cum
994 1708 1182 1759 siccari
1208 1706 1443 1775 incipiet,
1479 1709 1622 1759 aliud
1650 1709 1855 1760 corium

171 1780 425 1832 subtilius
472 1785 688 1848 oportet
727 1781 931 1848 inponi.
1002 1781 1076 1833 sic
1119 1785 1172 1832 et
1215 1782 1548 1833 soliditatem
1589 1783 1856 1834 custodiet

169 1857 223 1905 et
261 1853 509 1906 nitorem.

100 2053 144 2084 ρο
172 2029 266 2081 DE
311 2029 645 2082 VITANDA
688 2029 947 2098 VALLE‚
983 2003 1191 2093 QVAE
1235 2030 1576 2084 PROPTER
1609 2031 1850 2094 AQVAS

757 2118 991 2171 DILIGI
1033 2117 1274 2174 SOLET.

278 2223 577 2275 Vitandum
633 2226 714 2275 est
769 2227 970 2290 autem,
1027 2224 1168 2292 quod
1223 2223 1466 2293 plerique
1522 2224 1766 2277 fecerunt
1805 2225 1939 2278 XVI

168 2315 335 2365 aquae
385 2316 565 2366 causa,
612 2297 771 2349 uillas
820 2297 1020 2348 infimis
1069 2298 1304 2350 uallibus
1345 2317 1587 2368 mergere
1631 2302 1683 2350 et
1723 2318 1850 2367 pau-

167 2388 352 2423 corum
373 2370 579 2423 dierum
604 2372 944 2439 uoluptatem
968 2371 1240 2439 praeferre
1265 2372 1638 2425 habitatorum
1665 2374 1848 2424 saluti:

102 2465 144 2497 25
172 2445 311 2512 quod
355 2447 529 2514 magis
578 2449 901 2505 metuemus,
960 2447 1005 2497 si
1059 2447 1342 2514 prouincia
1391 2466 1552 2515 quam
1607 2447 1848 2513 colimus,

385 2573 402 2593 Ο

287 2608 308 2646 1
346 2603 550 2647 dicemus
570 2605 619 2647 F
638 2607 651 2661 ΙΙ
678 2609 702 2647 5
722 2605 942 2648 debemus
962 2606 1101 2649 VSE
1127 2609 1130 2662 Ι
1159 2608 1447 2648 maceratum
1463 2607 1504 2648 L
1521 2605 1556 2661 Q
1573 2606 1848 2663 VSTFEM

167 2667 192 2705 6
224 2665 278 2705 ut
309 2676 390 2706 om.
418 2678 454 2718 p
497 2664 502 2721 1
547 2663 722 2707 calcem
760 2664 964 2720 probans
1006 2665 1139 2721 quasi
1167 2681 1202 2720 p
1241 2667 1253 2720 ΙΙ
1297 2669 1320 2706 7
1356 2667 1401 2708 et
1434 2664 1472 2707 si
1506 2665 1631 2719 quod
1663 2666 1768 2719 ias,
1803 2668 1851 2708 et

77 2773 82 2778 ,
167 2721 244 2780 [si]
285 2722 409 2777 quod
448 2737 505 2779 09
551 2726 564 2779 Η
608 2728 665 2765 v12
699 2724 853 2766 Primo
887 2725 935 2767 is
981 2726 995 2780 ΙΙ
1043 2729 1095 2767 13
1131 2727 1177 2768 et
1208 2723 1346 2767 tertio
1379 2725 1397 2766 i
1443 2726 1456 2780 [Ι
1506 2729 1559 2766 14
1590 2737 1847 2767 marmoreo

173 2781 373 2838 Viacys
401 2787 406 2835 Ι
436 2781 759 2838 cooperiantur
791 2783 834 2824 L
860 2786 873 2838 Η
900 2787 953 2826 15
988 2783 1315 2839 subiungenda
1348 2783 1405 2837 F,
1441 2782 1723 2838 ambigenda
1756 2784 1805 2826 E
1839 2783 1844 2842 Ι

165 2842 321 2883 utrum
354 2840 500 2896 LQT
525 2843 529 2897 1
559 2842 682 2896 quod
714 2842 756 2883 L
782 2844 795 2897 ΙΙ
824 2847 876 2884 17
909 2841 1136 2898 inceperit
1176 2844 1241 2897 is,
1285 2842 1488 2898 coeperit
1519 2858 1547 2885 (ι
1573 2845 1585 2898 Η
1612 2847 1665 2884 23
1698 2841 1747 2884 in
1778 2842 1848 2884 in-

166 2899 285 2941 fimis
310 2899 482 2953 VTia,
511 2899 597 2957 [in]
623 2899 703 2943 inf.
732 2916 820 2958 cys
844 2903 857 2957 Η
882 2906 937 2943 25
969 2901 1111 2944 etiam
1136 2900 1286 2957 magis
1312 2903 1464 2958 iaeys
1493 2902 1497 2958 Ι
1524 2900 1775 2945 metuimus
1802 2902 1851 2944 E

1525 2975 1580 3017 2ss
