2014 3169
856 148 1198 194 PRAEFATIO
1805 152 1874 196 IX

184 277 354 325 autem
413 290 677 322 numerum
734 276 836 323 148
898 275 1087 339 legitur
1146 275 1267 323 haec
1330 291 1529 338 quoque
1584 277 1867 339 inscriptio:

186 349 340 399 Olim
378 347 579 396 Medic.
618 351 736 397 100.
799 350 950 410 atque
990 349 1070 397 hic
1110 349 1313 411 quidem
1352 349 1516 413 codex,
1558 367 1867 413 quamquam

183 426 259 473 est
303 423 516 485 integer,
567 424 734 471 tamen
779 422 965 471 multas
1011 422 1162 470 habet
1207 438 1407 471 rasuras
1455 427 1506 472 et
1545 428 1866 490 correcturas,

184 514 313 561 quae
353 496 416 544 ad
463 496 870 560 orthographiam
920 499 969 545 et
1016 496 1452 545 adsimulationem
1499 500 1740 560 spectant.
1820 504 1873 548 et

185 588 313 634 quae
353 570 616 618 defuerant
653 571 851 619 litterae
891 572 941 618 et
979 570 1150 634 verba,
1200 571 1484 632 saepissime
1522 572 1654 620 inter
1697 574 1872 638 lineas,

183 660 560 706 nonnumquam
598 644 651 691 in
689 647 832 692 textu
878 645 1129 706 adscripta
1176 646 1314 692 sunt:
1360 645 1453 693 hae
1502 648 1672 695 autem
1715 647 1872 695 inter-

182 719 461 782 polationes
509 721 558 766 et
596 719 867 767 vetustiore
915 721 964 766 et
1009 718 1278 766 recentiore
1331 735 1485 766 manu
1530 721 1692 769 factae
1733 724 1867 769 sunt.

184 796 336 856 atque
389 792 469 840 hic
524 792 693 856 codex,
750 793 977 854 quamvis
1025 809 1139 840 cum
1183 792 1244 839 iis
1298 793 1481 857 tribus,
1540 810 1664 856 quos
1717 796 1868 844 modo

181 867 530 930 tractavimUS,
580 867 874 929 plerumque
915 866 1213 929 consentiat,
1260 868 1430 915 tamen
1468 869 1655 916 multas
1694 869 1868 918 lectio-

181 957 268 990 nes
305 941 456 989 habet
500 941 795 1004 peculiareS,
845 956 969 1003 quas
1009 940 1138 988 alius
1183 941 1390 1002 praebet
1427 942 1610 990 nullus.
1689 943 1864 1005 itaque

181 1033 282 1064 non
328 1015 500 1063 dubito
550 1015 683 1063 hunc
730 1015 948 1064 codicem
997 1015 1049 1061 in
1097 1015 1309 1062 secundo
1358 1032 1536 1078 genere
1587 1033 1868 1067 numerare.

182 1089 374 1138 contuli
413 1091 583 1136 autem
623 1106 738 1137 eum
768 1089 1091 1137 Vindobonae
1131 1104 1297 1137 mense
1336 1090 1518 1138 martio
1553 1091 1670 1138 anni
1706 1092 1866 1140 1875.

292 1163 530 1211 Eiusdem
569 1164 762 1225 generis
800 1163 1019 1212 codicem
1062 1178 1164 1211 esse
1205 1163 1431 1211 existimo
1462 1164 1867 1229 Lugdunensem,

182 1238 240 1285 de
282 1253 379 1299 quo
421 1253 570 1298 supra
610 1237 724 1301 dixi,
767 1237 867 1286 sive
899 1236 958 1300 G,
998 1237 1117 1299 quia
1158 1238 1207 1284 et
1246 1237 1507 1286 continuas
1546 1239 1698 1287 habet
1738 1240 1864 1287 duas

180 1326 357 1360 manus
406 1311 643 1359 secundas
691 1326 871 1373 easque
928 1311 1140 1358 alteram
1185 1314 1438 1359 vetustam
1486 1313 1697 1360 alteram
1744 1314 1866 1361 satis

179 1387 428 1434 recentem
475 1388 524 1432 et
571 1386 837 1434 nonnullas
886 1385 1252 1433 emendationes
1299 1387 1487 1449 textus,
1545 1387 1632 1448 qui
1680 1403 1739 1435 ex
1776 1388 1866 1436 illo

181 1459 346 1508 codice
385 1458 708 1507 Laudunensi
745 1460 957 1507 haustus
999 1474 1101 1507 esse
1141 1459 1265 1506 mihi
1296 1459 1508 1508 videtur.

293 1533 518 1581 Tertium
568 1549 724 1596 genus
774 1533 965 1582 codices
1013 1533 1236 1581 efficiunt
1283 1536 1332 1581 et
1379 1533 1596 1582 secunda
1647 1535 1866 1596 quadam

181 1624 334 1656 manu
374 1607 622 1655 emendati
661 1610 711 1656 et
748 1608 920 1655 multis
960 1607 1431 1669 interpolationibus
1472 1609 1708 1670 corrupti.

291 1682 368 1729 Ex
406 1681 476 1729 eis
516 1684 590 1729 est
630 1682 779 1731 codex
818 1682 857 1730 S
894 1682 924 1729 i.
960 1699 997 1730 e.
1030 1681 1289 1729 Parisinus
1325 1683 1524 1730 6830E
1557 1683 1870 1730 membrana-

182 1771 311 1819 ceus,
350 1771 505 1803 manu
543 1757 771 1820 scriptus,
813 1757 933 1805 olim
971 1757 1029 1805 D.
1070 1756 1332 1819 Dufresne,
1374 1757 1561 1804 saeculi
1599 1757 1682 1820 XI,
1723 1757 1869 1805 folio-

180 1847 294 1877 rum
343 1832 431 1892 72,
482 1846 715 1878 versuum
765 1833 856 1894 36,
911 1830 1114 1878 maioris
1161 1830 1349 1877 formae
1402 1830 1665 1894 oblongae,
1718 1847 1869 1893 quem

181 1903 387 1951 Parisiis
418 1919 584 1952 mense
618 1904 884 1965 septembri
913 1905 1052 1952 1874
1087 1904 1290 1952 contuli.
1352 1904 1432 1951 hic
1462 1920 1661 1966 quoque
1693 1921 1867 1954 umore

182 1978 392 2026 vitiatus
433 1980 507 2025 est
546 1978 718 2040 aliqua
757 1995 814 2026 ex
851 1980 1006 2039 parte.
1084 1978 1214 2025 inest
1248 1994 1426 2025 manus
1467 1979 1696 2043 secunda,
1737 1995 1867 2041 quae

182 2052 309 2099 tales
353 2067 552 2099 rasuras
601 2055 650 2100 et
696 2055 1001 2100 correcturas
1055 2052 1197 2112 fecit,
1254 2053 1424 2113 quales
1468 2052 1865 2101 Vindobonensis

182 2126 345 2173 habet.
421 2126 594 2173 multis
640 2127 761 2174 locis
800 2126 1210 2188 interpolationes
1252 2128 1529 2174 occurrunt.
1594 2143 1654 2174 ex
1694 2127 1868 2175 eodem

182 2200 340 2263 fonte,
389 2215 447 2246 ex
495 2217 592 2261 quo
641 2201 792 2249 codex
830 2200 868 2248 S
904 2200 1146 2263 originem
1193 2200 1349 2263 ducit,
1405 2201 1714 2248 Erfurtensis
1763 2201 1867 2249 sive

183 2274 236 2321 E
257 2273 521 2337 emanavit,
554 2274 605 2321 id
637 2275 770 2337 quod
800 2290 956 2336 paene
989 2274 1374 2322 innumerabiles
1408 2275 1642 2323 lectiones
1668 2275 1868 2323 demon-

185 2349 367 2395 strant:
425 2364 583 2410 neque
642 2364 831 2410 paucae
890 2348 1298 2409 interpolationes
1345 2348 1397 2395 in
1445 2365 1500 2396 eo
1548 2349 1869 2410 reperiuntur

183 2421 471 2483 peculiares,
546 2425 697 2485 atque
736 2423 978 2470 nonnulla
1019 2424 1134 2469 sunt
1172 2422 1369 2485 indicia,
1412 2422 1592 2484 quibus
1634 2423 1868 2487 adducor,

184 2497 243 2542 ut
282 2495 470 2543 codices
509 2496 548 2543 S
584 2499 634 2544 et
672 2497 725 2543 E
762 2513 819 2544 ex
861 2496 905 2544 G
943 2497 1149 2543 haustos
1191 2511 1294 2544 esse
1335 2496 1624 2544 existimem.

295 2568 532 2617 Eiusdem
570 2570 762 2634 generis
810 2571 885 2618 est
932 2571 1082 2619 codex
1124 2571 1169 2616 T
1202 2570 1233 2616 i.
1274 2586 1313 2617 e.
1353 2570 1610 2617 Parisinus
1654 2572 1796 2619 6830
1813 2571 1867 2634 F,

185 2658 338 2690 manu
377 2643 609 2708 scriptus,
656 2644 840 2706 partim
886 2644 1290 2692 membranaceus
1336 2644 1522 2705 partim
1561 2644 1867 2707 chartaceus,

186 2716 306 2764 olim
329 2717 599 2771 Puteanus,
646 2734 760 2780 pars
787 2719 892 2766 eius
917 2718 1066 2781 prior,
1099 2718 1487 2780 membranacea,
1519 2718 1756 2766 foliorum
1782 2720 1868 2782 80,

183 2805 420 2837 versuum
453 2794 536 2855 29,
575 2792 776 2840 maioris
815 2793 1003 2840 formae
1045 2792 1301 2855 oblongae,
1343 2792 1528 2839 saeculi
1560 2792 1694 2855 XIII,
1737 2808 1867 2854 quae

183 2862 401 2911 Palladii
453 2865 604 2914 libros
657 2866 895 2914 tredecim
948 2866 1189 2929 continet,
1243 2882 1271 2912 a
1322 2882 1398 2913 me
1446 2865 1651 2913 Parisiis
1699 2881 1866 2913 mense

185 2938 451 2999 septembri
490 2940 607 2986 anni
650 2943 790 2989 1874
839 2940 1036 2988 conlata
1084 2942 1179 2988 est:
1226 2939 1472 3001 posterior
1518 2942 1690 2987 autem
1734 2954 1866 3004 pars,
