2072 3145
800 121 994 167 Aemo.
1021 124 1061 166 X
1087 128 1229 167 9-12
1747 127 1855 179 205

178 262 363 297 rursus
404 248 676 312 aequetur.
738 263 864 296 nam
903 248 1061 312 prata
1102 245 1309 297 sterilia
1348 246 1663 314 plerumque
1705 266 1854 300 arare

178 317 476 371 conueniet.
555 319 646 370 sed
692 318 750 370 in
794 335 936 370 nouo
985 321 1142 386 prato
1181 337 1314 386 rapa
1353 337 1629 372 conserere
1670 339 1855 389 possu-

176 410 317 460 mUS‚
373 410 600 459 quorum
655 410 827 444 messe
883 391 1038 443 finita
1086 395 1284 462 cetera,
1341 411 1474 461 quae
1523 394 1666 446 dicta
1715 400 1854 463 sunt,

177 484 509 534 exequemur.
564 465 759 518 uiciam
791 470 974 518 tamen
1005 465 1115 518 feni
1147 467 1442 519 seminibus
1477 468 1705 520 mixtam
1729 474 1854 537 post

132 561 152 592 5
176 539 308 592 haec
349 557 678 609 spargemus.
741 539 907 609 rigari
943 558 1088 609 uero,
1128 544 1417 609 antequam
1452 542 1643 594 durum
1679 543 1853 595 solum

176 612 384 681 fecerit,
432 631 540 665 non
587 615 824 681 debebit,
870 631 936 665 ne
985 614 1098 666 eius
1149 617 1350 667 cratem
1399 616 1575 667 minus
1627 617 1854 669 solidam

172 687 256 739 uis
296 686 535 739 interfiui
576 691 886 756 corrumpat
925 688 1144 740 umoris,

479 879 577 932 DE
620 878 995 932 VINDEMIA
1037 878 1549 933 CELEBRANDA.

281 983 401 1035 Hoc
442 1001 622 1036 mense
662 984 794 1036 locis
835 984 1029 1052 tepidis
1071 983 1464 1053 maritimisque
1506 985 1823 1037 celebranda
1865 984 1943 1037 XI

106 1079 148 1110 10
173 1056 444 1108 uindemia
491 1060 595 1126 est,
641 1057 855 1127 frigidis
905 1058 1226 1126 adparanda.
1303 1058 1359 1110 in
1407 1059 1566 1111 doliis
1610 1060 1852 1127 picandis

171 1130 260 1182 hic
314 1131 503 1182 modus
560 1132 688 1199 erit,
751 1135 812 1183 ut
868 1132 1071 1183 dolium
1127 1133 1480 1184 ducentorum
1538 1133 1854 1203 congiorum

170 1205 451 1257 duodecim
498 1204 651 1256 libris
698 1206 909 1273 picetur
957 1209 1010 1257 et
1059 1206 1244 1258 deinde
1293 1224 1390 1275 pro
1431 1207 1655 1259 minoris
1696 1208 1853 1260 aesti-

172 1279 408 1330 matione
451 1279 730 1332 subducas,
795 1281 886 1331 sed
919 1280 1289 1332 maturitatem
1322 1280 1624 1333 uindemiae
1658 1299 1852 1351 cogno-

174 1353 372 1404 scimus
421 1353 522 1404 hoc
567 1371 781 1423 genere:
831 1354 877 1405 si
918 1372 1170 1422 expressa
1207 1373 1314 1406 uua
1353 1354 1580 1422 uinacia‚
1622 1374 1755 1423 quae
1796 1357 1853 1407 in

107 1447 148 1480 15
174 1427 340 1478 acinis
383 1426 639 1494 celantur,
678 1428 782 1480 hoc
823 1431 906 1479 est
946 1445 1128 1497 grana,
1169 1428 1279 1480 sint
1317 1427 1469 1480 fusca
1510 1432 1562 1480 et
1594 1430 1852 1482 nonnulla

171 1501 560 1569 propemodum
613 1501 799 1570 nigra:
861 1520 1022 1570 quam
1077 1520 1191 1554 rem
1246 1503 1510 1555 naturalis
1566 1503 1851 1555 maturitas

172 1574 318 1626 facit.
369 1574 740 1644 diligentiores
775 1576 1010 1643 optimae
1045 1594 1196 1628 cerae
1221 1576 1278 1627 in
1301 1576 1499 1646 uiginti
1523 1577 1658 1645 picis
1684 1578 1850 1629 libras
1892 1578 1924 1630 Ξ

171 1667 334 1700 unam
372 1648 568 1700 libram
608 1649 851 1718 miscent,
892 1668 1024 1717 quae
1067 1653 1119 1701 et
1153 1651 1303 1702 odori
1334 1651 1551 1718 proficit
1583 1654 1638 1703 et
1672 1653 1852 1720 sapori

173 1725 228 1773 et
258 1723 432 1790 picem
465 1723 691 1775 lenitate
723 1723 1059 1792 permulcens
1093 1722 1387 1792 frigoribus
1422 1742 1539 1776 eam
1570 1743 1679 1777 non
1710 1725 1852 1794 pati-

106 1817 147 1848 20
172 1798 262 1847 tur
309 1796 556 1848 dissilire.
633 1797 768 1865 picis
816 1800 998 1849 tamen
1049 1802 1214 1866 gustu
1262 1797 1588 1866 exploranda
1628 1799 1851 1852 dulcedo

175 1872 282 1938 est,
323 1870 448 1938 quia
489 1889 646 1939 saepe
686 1871 813 1922 uina
853 1871 983 1923 eius'
1007 1871 1362 1923 amaritudine
1402 1872 1680 1925 uitiantur.

171 2030 270 2083 DE
311 2031 583 2086 PANIOO
625 2032 721 2085 ET
761 2029 970 2086 MILIO'
1011 2033 1389 2087 METENDIS
1432 2034 1524 2086 ET
1565 2034 1848 2089 FASELO

296 2120 397 2173 AD
437 2119 684 2174 ESCAM
724 2120 1067 2175 SERENDO
1109 2123 1203 2175 ΕΤ
1243 2122 1722 2177 ADPARANDIS

834 2209 1194 2264 AVCVPHS.

103 2333 144 2366 25
279 2313 436 2366 Nunc
463 2314 784 2381 quibusdam
810 2313 942 2365 locis
959 2314 1210 2382 panicum
1236 2319 1470 2367 metetur
1495 2319 1549 2368 et
1575 2316 1798 2368 milium.
1832 2315 1939 2367 XII

175 2391 417 2456 tempore
457 2387 560 2440 hoc
599 2387 798 2440 faselus
840 2388 906 2439 ad
946 2406 1122 2441 escam
1165 2393 1387 2441 seratur.
1457 2408 1598 2442 nunc
1634 2389 1691 2441 in
1724 2390 1850 2442 ami-

292 2567 315 2604 2
350 2561 398 2603 in
431 2564 566 2618 prato
598 2576 719 2613 nouo
745 2576 907 2618 rapam
930 2564 980 2605 E
1000 2565 1014 2619 ΙΙ
1040 2568 1065 2606 3
1098 2577 1196 2606 esse
1222 2564 1265 2606 V
1284 2566 1297 2619 ΙΙ
1323 2568 1346 2605 6
1382 2564 1521 2606 debet
1545 2564 1628 2619 ΕΗ
1656 2568 1678 2606 7
1708 2563 1850 2606 inter-

173 2623 360 2677 rumpat
377 2621 425 2663 E
448 2623 462 2677 ΙΙ
488 2625 541 2664 10
567 2621 615 2663 in
642 2621 778 2665 doliis
803 2621 1014 2678 picandis
1030 2629 1104 2666 etc.
1118 2628 1222 2678 post
1245 2623 1326 2665 sed
1349 2622 1668 2665 maturitatem
1692 2629 1766 2666 etc.
1794 2637 1815 2667 s
1835 2624 1849 2681 fl!

176 2685 228 2723 12
253 2679 507 2736 proicietur
533 2680 575 2724 G
603 2686 607 2735 Ι
637 2683 684 2724 et
708 2695 789 2724 om.
816 2682 930 2738 icys
958 2682 963 2739 Ι
992 2681 1292 2725 extimatione
1317 2683 1335 2724 i
1357 2684 1371 2736 Η
1399 2686 1450 2724 17
1478 2681 1651 2738 optimo
1678 2695 1846 2725 carere.

172 2739 224 2781 In
242 2739 292 2782 F
315 2740 320 2795 1
350 2752 482 2782 cerae
506 2753 587 2783 om.
607 2740 657 2782 E
682 2742 686 2795 Ι
716 2740 875 2782 decem
896 2741 1049 2798 iacys
1072 2744 1085 2797 11
1112 2745 1164 2783 19
1192 2740 1392 2783 sanitate
1405 2754 1440 2795 p
1468 2742 1472 2797 1
1500 2740 1781 2796 permiscens
1801 2742 1849 2799 if}

174 2803 226 2840 21
261 2797 421 2841 uitiari
447 2798 595 2841 solent
618 2799 677 2854 E,
705 2799 965 2843 amaritudo
995 2799 1247 2855 corrumpit
1266 2814 1300 2855 p
1324 2802 1337 2856 Η
1363 2804 1416 2841 22
1449 2799 1696 2843 PANITIO
1723 2800 1815 2844 SE
1835 2787 1838 2856 }

174 2861 229 2899 23
261 2856 641 2900 APPARENDIS
673 2857 924 2901 AUCUPIS
952 2860 1003 2902 E
1013 2860 1054 2903 G
1077 2861 1091 2915 Η
1118 2864 1169 2901 25
1202 2858 1423 2914 punicum
1455 2859 1505 2914 V,
1538 2858 1775 2915 panicium
1800 2859 1845 2913 S,

171 2915 403 2971 panitium
434 2917 484 2959 E
505 2918 518 2972 ΙΙ
544 2921 598 2960 26
631 2916 678 2959 in
713 2916 931 2960 amitibus
964 2932 1045 2961 om.
1076 2933 1108 2974 2)
