<?xml version="1.0" encoding="UTF-8"?>
<!DOCTYPE html PUBLIC "-//W3C//DTD XHTML 1.0 Transitional//EN"
    "http://www.w3.org/TR/xhtml1/DTD/xhtml1-transitional.dtd">
<html xmlns="http://www.w3.org/1999/xhtml" xml:lang="en" lang="en">
 <head>
  <title>
</title>
<meta http-equiv="Content-Type" content="text/html;charset=utf-8" />
  <meta name='ocr-system' content='tesseract 3.04.00' />
  <meta name='ocr-capabilities' content='ocr_page ocr_carea ocr_par ocr_line ocrx_word'/>
</head>
<body>
  <div class='ocr_page' id='page_1' title='image "./palladiirvtiliit00palluoft_0200.png"; bbox 0 0 2014 3169; ppageno 0'>
   <div class='ocr_carea' id='block_1_1' title="bbox 210 116 1183 168">
    <p class='ocr_par' dir='ltr' id='par_1_1' title="bbox 210 116 1183 168">
     <span class='ocr_line' id='line_1_1' title="bbox 210 116 1183 168; baseline -0.01 0"><span class='ocrx_word' id='word_1_1' title='bbox 210 118 237 167; x_wconf 88' lang='grc'>1</span> <span class='ocrx_word' id='word_1_2' title='bbox 247 116 312 168; x_wconf 83' lang='grc'>78</span> <span class='ocrx_word' id='word_1_3' title='bbox 905 117 1183 160; x_wconf 86' lang='lat' dir='ltr'><strong>PALLADH</strong></span> 
     </span>
    </p>
   </div>
   <div class='ocr_carea' id='block_1_2' title="bbox 134 238 1947 1341">
    <p class='ocr_par' dir='ltr' id='par_1_2' title="bbox 134 238 1947 1341">
     <span class='ocr_line' id='line_1_2' title="bbox 207 238 1881 307; baseline 0.002 -18"><span class='ocrx_word' id='word_1_4' title='bbox 207 241 417 306; x_wconf 90' lang='lat' dir='ltr'>pestem</span> <span class='ocrx_word' id='word_1_5' title='bbox 457 238 746 289; x_wconf 90' lang='lat' dir='ltr'>multitudo</span> <span class='ocrx_word' id='word_1_6' title='bbox 789 238 1052 290; x_wconf 87' lang='lat' dir='ltr'>subducta</span> <span class='ocrx_word' id='word_1_7' title='bbox 1092 242 1194 306; x_wconf 88' lang='lat' dir='ltr'>est,</span> <span class='ocrx_word' id='word_1_8' title='bbox 1239 239 1427 307; x_wconf 90' lang='lat' dir='ltr'>populi</span> <span class='ocrx_word' id='word_1_9' title='bbox 1467 239 1763 292; x_wconf 87' lang='lat' dir='ltr'>adiectione</span> <span class='ocrx_word' id='word_1_10' title='bbox 1803 259 1881 293; x_wconf 86' lang='lat' dir='ltr'>re-</span> 
     </span>
     <span class='ocr_line' id='line_1_3' title="bbox 208 311 1880 379; baseline 0.002 -17"><span class='ocrx_word' id='word_1_11' title='bbox 208 330 410 379; x_wconf 86' lang='lat' dir='ltr'>parare,</span> <span class='ocrx_word' id='word_1_12' title='bbox 457 311 817 363; x_wconf 83' lang='lat' dir='ltr'>considerabis</span> <span class='ocrx_word' id='word_1_13' title='bbox 857 312 914 363; x_wconf 90' lang='lat' dir='ltr'>in</span> <span class='ocrx_word' id='word_1_14' title='bbox 953 311 1072 363; x_wconf 89' lang='lat' dir='ltr'>aliis</span> <span class='ocrx_word' id='word_1_15' title='bbox 1114 312 1508 365; x_wconf 72' lang='lat' dir='ltr'>abundantibus</span> <span class='ocrx_word' id='word_1_16' title='bbox 1550 332 1696 366; x_wconf 88' lang='lat' dir='ltr'>ceras</span> <span class='ocrx_word' id='word_1_17' title='bbox 1736 313 1880 366; x_wconf 87' lang='lat' dir='ltr'>fauo-</span> 
     </span>
     <span class='ocr_line' id='line_1_4' title="bbox 208 385 1880 457; baseline 0.002 -21"><span class='ocrx_word' id='word_1_18' title='bbox 208 404 328 436; x_wconf 85' lang='lat' dir='ltr'>rum</span> <span class='ocrx_word' id='word_1_19' title='bbox 354 390 406 436; x_wconf 89' lang='lat' dir='ltr'>et</span> <span class='ocrx_word' id='word_1_20' title='bbox 433 385 817 454; x_wconf 81' lang='lat' dir='ltr'>extremitateS,</span> <span class='ocrx_word' id='word_1_21' title='bbox 849 403 981 453; x_wconf 90' lang='lat' dir='ltr'>quae</span> <span class='ocrx_word' id='word_1_22' title='bbox 1007 386 1183 453; x_wconf 91' lang='lat' dir='ltr'>pullos</span> <span class='ocrx_word' id='word_1_23' title='bbox 1208 386 1423 455; x_wconf 83' lang='lat' dir='ltr'>habent,</span> <span class='ocrx_word' id='word_1_24' title='bbox 1457 391 1523 454; x_wconf 88' lang='lat' dir='ltr'>et,</span> <span class='ocrx_word' id='word_1_25' title='bbox 1547 387 1640 439; x_wconf 90' lang='lat' dir='ltr'>ubi</span> <span class='ocrx_word' id='word_1_26' title='bbox 1666 387 1880 457; x_wconf 85' lang='lat' dir='ltr'>signum</span> 
     </span>
     <span class='ocr_line' id='line_1_5' title="bbox 207 458 1880 528; baseline 0.002 -18"><span class='ocrx_word' id='word_1_27' title='bbox 207 459 469 511; x_wconf 85' lang='lat' dir='ltr'>nascituri</span> <span class='ocrx_word' id='word_1_28' title='bbox 515 458 658 528; x_wconf 85' lang='lat' dir='ltr'>regis</span> <span class='ocrx_word' id='word_1_29' title='bbox 705 459 997 526; x_wconf 82' lang='lat' dir='ltr'>inueneriS,</span> <span class='ocrx_word' id='word_1_30' title='bbox 1045 478 1164 511; x_wconf 89' lang='lat' dir='ltr'>cum</span> <span class='ocrx_word' id='word_1_31' title='bbox 1215 460 1400 511; x_wconf 89' lang='lat' dir='ltr'>subole</span> <span class='ocrx_word' id='word_1_32' title='bbox 1450 478 1545 512; x_wconf 88' lang='lat' dir='ltr'>sua</span> <span class='ocrx_word' id='word_1_33' title='bbox 1584 460 1786 514; x_wconf 86' lang='lat' dir='ltr'>recides</span> <span class='ocrx_word' id='word_1_34' title='bbox 1826 465 1880 514; x_wconf 90' lang='lat' dir='ltr'>et</span> 
     </span>
     <span class='ocr_line' id='line_1_6' title="bbox 134 532 1947 604; baseline 0.002 -20"><span class='ocrx_word' id='word_1_35' title='bbox 134 533 166 584; x_wconf 84' lang='lat'>9</span> <span class='ocrx_word' id='word_1_36' title='bbox 208 533 264 584; x_wconf 91' lang='lat' dir='ltr'>in</span> <span class='ocrx_word' id='word_1_37' title='bbox 310 533 363 584; x_wconf 90' lang='lat' dir='ltr'>id</span> <span class='ocrx_word' id='word_1_38' title='bbox 411 532 706 585; x_wconf 86' lang='lat' dir='ltr'>aluearium</span> <span class='ocrx_word' id='word_1_39' title='bbox 753 550 932 600; x_wconf 89' lang='lat' dir='ltr'>pones.</span> <span class='ocrx_word' id='word_1_40' title='bbox 1012 537 1094 585; x_wconf 92' lang='lat' dir='ltr'>est</span> <span class='ocrx_word' id='word_1_41' title='bbox 1145 537 1324 585; x_wconf 87' lang='lat' dir='ltr'>autem</span> <span class='ocrx_word' id='word_1_42' title='bbox 1371 534 1472 586; x_wconf 90' lang='lat' dir='ltr'>hoc</span> <span class='ocrx_word' id='word_1_43' title='bbox 1519 536 1662 604; x_wconf 85' lang='lat' dir='ltr'>regis</span> <span class='ocrx_word' id='word_1_44' title='bbox 1709 535 1879 587; x_wconf 86' lang='lat' dir='ltr'>futuri</span> <span class='ocrx_word' id='word_1_45' title='bbox 1926 555 1947 587; x_wconf 87' lang='lat'>5</span> 
     </span>
     <span class='ocr_line' id='line_1_7' title="bbox 207 606 1879 676; baseline 0.002 -18"><span class='ocrx_word' id='word_1_46' title='bbox 207 607 436 675; x_wconf 81' lang='lat' dir='ltr'>signum.</span> <span class='ocrx_word' id='word_1_47' title='bbox 499 607 640 658; x_wconf 91' lang='lat' dir='ltr'>inter</span> <span class='ocrx_word' id='word_1_48' title='bbox 681 610 856 658; x_wconf 85' lang='lat' dir='ltr'>cetera</span> <span class='ocrx_word' id='word_1_49' title='bbox 888 606 1167 675; x_wconf 80' lang='lat' dir='ltr'>foramina,</span> <span class='ocrx_word' id='word_1_50' title='bbox 1209 626 1342 675; x_wconf 91' lang='lat' dir='ltr'>quae</span> <span class='ocrx_word' id='word_1_51' title='bbox 1374 608 1551 675; x_wconf 89' lang='lat' dir='ltr'>pullos</span> <span class='ocrx_word' id='word_1_52' title='bbox 1586 609 1879 676; x_wconf 71' lang='lat' dir='ltr'>continent,</span> 
     </span>
     <span class='ocr_line' id='line_1_8' title="bbox 206 681 1879 750; baseline 0.002 -19"><span class='ocrx_word' id='word_1_53' title='bbox 206 699 370 732; x_wconf 90' lang='lat' dir='ltr'>unum</span> <span class='ocrx_word' id='word_1_54' title='bbox 410 681 583 732; x_wconf 91' lang='lat' dir='ltr'>maius</span> <span class='ocrx_word' id='word_1_55' title='bbox 625 699 685 732; x_wconf 91' lang='lat' dir='ltr'>ac</span> <span class='ocrx_word' id='word_1_56' title='bbox 724 681 939 750; x_wconf 83' lang='lat' dir='ltr'>longius</span> <span class='ocrx_word' id='word_1_57' title='bbox 978 681 1129 732; x_wconf 90' lang='lat' dir='ltr'>uelut</span> <span class='ocrx_word' id='word_1_58' title='bbox 1165 681 1297 733; x_wconf 89' lang='lat' dir='ltr'>uber</span> <span class='ocrx_word' id='word_1_59' title='bbox 1330 682 1565 749; x_wconf 80' lang='lat' dir='ltr'>adparet.</span> <span class='ocrx_word' id='word_1_60' title='bbox 1627 683 1718 734; x_wconf 90' lang='lat' dir='ltr'>sed</span> <span class='ocrx_word' id='word_1_61' title='bbox 1749 686 1879 735; x_wconf 89' lang='lat' dir='ltr'>tunc</span> 
     </span>
     <span class='ocr_line' id='line_1_9' title="bbox 206 754 1879 823; baseline 0.002 -18"><span class='ocrx_word' id='word_1_62' title='bbox 206 754 564 806; x_wconf 86' lang='lat' dir='ltr'>transferendi</span> <span class='ocrx_word' id='word_1_63' title='bbox 593 757 732 822; x_wconf 90' lang='lat' dir='ltr'>sunt,</span> <span class='ocrx_word' id='word_1_64' title='bbox 765 755 976 822; x_wconf 88' lang='lat' dir='ltr'>quando</span> <span class='ocrx_word' id='word_1_65' title='bbox 1011 755 1179 806; x_wconf 84' lang='lat' dir='ltr'>erosis</span> <span class='ocrx_word' id='word_1_66' title='bbox 1214 756 1543 823; x_wconf 85' lang='lat' dir='ltr'>cooperculis</span> <span class='ocrx_word' id='word_1_67' title='bbox 1574 757 1638 808; x_wconf 88' lang='lat' dir='ltr'>ad</span> <span class='ocrx_word' id='word_1_68' title='bbox 1661 774 1879 810; x_wconf 84' lang='lat' dir='ltr'>nascen-</span> 
     </span>
     <span class='ocr_line' id='line_1_10' title="bbox 205 829 1877 896; baseline 0.002 -17"><span class='ocrx_word' id='word_1_69' title='bbox 205 829 332 879; x_wconf 90' lang='lat' dir='ltr'>dum</span> <span class='ocrx_word' id='word_1_70' title='bbox 364 829 563 880; x_wconf 81' lang='lat' dir='ltr'>maturi</span> <span class='ocrx_word' id='word_1_71' title='bbox 598 829 776 896; x_wconf 89' lang='lat' dir='ltr'>capita</span> <span class='ocrx_word' id='word_1_72' title='bbox 806 829 1053 880; x_wconf 89' lang='lat' dir='ltr'>nituntur</span> <span class='ocrx_word' id='word_1_73' title='bbox 1087 847 1319 881; x_wconf 85' lang='lat' dir='ltr'>exerere:</span> <span class='ocrx_word' id='word_1_74' title='bbox 1351 848 1477 881; x_wconf 85' lang='lat' dir='ltr'>nam</span> <span class='ocrx_word' id='word_1_75' title='bbox 1510 830 1554 881; x_wconf 91' lang='lat' dir='ltr'>si</span> <span class='ocrx_word' id='word_1_76' title='bbox 1578 830 1877 882; x_wconf 89' lang='lat' dir='ltr'>inmaturos</span> 
     </span>
     <span class='ocr_line' id='line_1_11' title="bbox 205 901 1947 965; baseline 0.001 -12"><span class='ocrx_word' id='word_1_77' title='bbox 205 902 564 965; x_wconf 81' lang='lat' dir='ltr'>transtuleris,</span> <span class='ocrx_word' id='word_1_78' title='bbox 604 901 917 954; x_wconf 89' lang='lat' dir='ltr'>interibunt.</span> <span class='ocrx_word' id='word_1_79' title='bbox 993 903 1039 954; x_wconf 88' lang='lat' dir='ltr'>si</span> <span class='ocrx_word' id='word_1_80' title='bbox 1079 906 1259 955; x_wconf 87' lang='lat' dir='ltr'>autem</span> <span class='ocrx_word' id='word_1_81' title='bbox 1299 921 1353 955; x_wconf 88' lang='lat' dir='ltr'>se</span> <span class='ocrx_word' id='word_1_82' title='bbox 1396 904 1636 955; x_wconf 90' lang='lat' dir='ltr'>subitum</span> <span class='ocrx_word' id='word_1_83' title='bbox 1674 904 1878 956; x_wconf 86' lang='lat' dir='ltr'>leuabit</span> <span class='ocrx_word' id='word_1_84' title='bbox 1903 924 1947 955; x_wconf 86' lang='lat'>10</span> 
     </span>
     <span class='ocr_line' id='line_1_12' title="bbox 205 977 1878 1044; baseline 0.002 -17"><span class='ocrx_word' id='word_1_85' title='bbox 205 995 441 1044; x_wconf 78' lang='lat' dir='ltr'>examen,</span> <span class='ocrx_word' id='word_1_86' title='bbox 483 977 713 1044; x_wconf 86' lang='lat' dir='ltr'>strepitu</span> <span class='ocrx_word' id='word_1_87' title='bbox 754 977 891 1028; x_wconf 90' lang='lat' dir='ltr'>aeris</span> <span class='ocrx_word' id='word_1_88' title='bbox 924 979 1192 1028; x_wconf 90' lang='lat' dir='ltr'>terreatur</span> <span class='ocrx_word' id='word_1_89' title='bbox 1224 980 1316 1029; x_wconf 92' lang='lat' dir='ltr'>aut</span> <span class='ocrx_word' id='word_1_90' title='bbox 1349 977 1590 1029; x_wconf 83' lang='lat' dir='ltr'>testulae.</span> <span class='ocrx_word' id='word_1_91' title='bbox 1653 981 1781 1030; x_wconf 90' lang='lat' dir='ltr'>tunc</span> <span class='ocrx_word' id='word_1_92' title='bbox 1813 979 1878 1031; x_wconf 86' lang='lat' dir='ltr'>ad</span> 
     </span>
     <span class='ocr_line' id='line_1_13' title="bbox 206 1050 1878 1119; baseline 0.002 -18"><span class='ocrx_word' id='word_1_93' title='bbox 206 1050 500 1102; x_wconf 89' lang='lat' dir='ltr'>aluearium</span> <span class='ocrx_word' id='word_1_94' title='bbox 548 1051 718 1102; x_wconf 89' lang='lat' dir='ltr'>rediet</span> <span class='ocrx_word' id='word_1_95' title='bbox 765 1054 857 1102; x_wconf 88' lang='lat' dir='ltr'>aut</span> <span class='ocrx_word' id='word_1_96' title='bbox 897 1050 953 1101; x_wconf 91' lang='lat' dir='ltr'>in</span> <span class='ocrx_word' id='word_1_97' title='bbox 991 1051 1237 1119; x_wconf 83' lang='lat' dir='ltr'>proxima</span> <span class='ocrx_word' id='word_1_98' title='bbox 1276 1051 1462 1103; x_wconf 86' lang='lat' dir='ltr'>fronde</span> <span class='ocrx_word' id='word_1_99' title='bbox 1500 1052 1776 1119; x_wconf 88' lang='lat' dir='ltr'>pendebit:</span> <span class='ocrx_word' id='word_1_100' title='bbox 1826 1055 1878 1104; x_wconf 91' lang='lat' dir='ltr'>et</span> 
     </span>
     <span class='ocr_line' id='line_1_14' title="bbox 204 1124 1878 1194; baseline 0.002 -19"><span class='ocrx_word' id='word_1_101' title='bbox 204 1124 325 1175; x_wconf 88' lang='lat' dir='ltr'>inde</span> <span class='ocrx_word' id='word_1_102' title='bbox 367 1125 422 1175; x_wconf 91' lang='lat' dir='ltr'>in</span> <span class='ocrx_word' id='word_1_103' title='bbox 460 1143 659 1176; x_wconf 90' lang='lat' dir='ltr'>nouum</span> <span class='ocrx_word' id='word_1_104' title='bbox 701 1143 796 1176; x_wconf 87' lang='lat' dir='ltr'>uas</span> <span class='ocrx_word' id='word_1_105' title='bbox 836 1124 1018 1176; x_wconf 87' lang='lat' dir='ltr'>herbis</span> <span class='ocrx_word' id='word_1_106' title='bbox 1057 1124 1324 1176; x_wconf 87' lang='lat' dir='ltr'>consuetis</span> <span class='ocrx_word' id='word_1_107' title='bbox 1359 1129 1412 1177; x_wconf 92' lang='lat' dir='ltr'>et</span> <span class='ocrx_word' id='word_1_108' title='bbox 1445 1126 1600 1177; x_wconf 87' lang='lat' dir='ltr'>melle</span> <span class='ocrx_word' id='word_1_109' title='bbox 1635 1144 1878 1194; x_wconf 90' lang='lat' dir='ltr'>consper-</span> 
     </span>
     <span class='ocr_line' id='line_1_15' title="bbox 206 1199 1876 1266; baseline 0.002 -17"><span class='ocrx_word' id='word_1_110' title='bbox 206 1216 325 1249; x_wconf 89' lang='lat' dir='ltr'>sum</span> <span class='ocrx_word' id='word_1_111' title='bbox 365 1217 526 1249; x_wconf 89' lang='lat' dir='ltr'>manu</span> <span class='ocrx_word' id='word_1_112' title='bbox 568 1199 884 1250; x_wconf 84' lang='lat' dir='ltr'>adtrahatur</span> <span class='ocrx_word' id='word_1_113' title='bbox 925 1202 1018 1250; x_wconf 92' lang='lat' dir='ltr'>aut</span> <span class='ocrx_word' id='word_1_114' title='bbox 1057 1199 1223 1250; x_wconf 91' lang='lat' dir='ltr'>trulla</span> <span class='ocrx_word' id='word_1_115' title='bbox 1271 1203 1345 1266; x_wconf 91' lang='lat' dir='ltr'>et,</span> <span class='ocrx_word' id='word_1_116' title='bbox 1393 1218 1513 1251; x_wconf 91' lang='lat' dir='ltr'>cum</span> <span class='ocrx_word' id='word_1_117' title='bbox 1560 1200 1616 1252; x_wconf 90' lang='lat' dir='ltr'>in</span> <span class='ocrx_word' id='word_1_118' title='bbox 1656 1218 1717 1252; x_wconf 87' lang='lat' dir='ltr'>eo</span> <span class='ocrx_word' id='word_1_119' title='bbox 1759 1200 1876 1252; x_wconf 86' lang='lat' dir='ltr'>loco</span> 
     </span>
     <span class='ocr_line' id='line_1_16' title="bbox 204 1272 1946 1341; baseline 0.001 -18"><span class='ocrx_word' id='word_1_120' title='bbox 204 1272 553 1341; x_wconf 85' lang='lat' dir='ltr'>requieuerit,</span> <span class='ocrx_word' id='word_1_121' title='bbox 593 1290 813 1340; x_wconf 89' lang='lat' dir='ltr'>uespere</span> <span class='ocrx_word' id='word_1_122' title='bbox 853 1273 995 1324; x_wconf 90' lang='lat' dir='ltr'>inter</span> <span class='ocrx_word' id='word_1_123' title='bbox 1036 1272 1141 1324; x_wconf 81' lang='lat' dir='ltr'>alia</span> <span class='ocrx_word' id='word_1_124' title='bbox 1181 1274 1501 1326; x_wconf 84' lang='lat' dir='ltr'>conlocetur.</span> <span class='ocrx_word' id='word_1_125' title='bbox 1904 1292 1946 1324; x_wconf 85' lang='lat'>15</span> 
     </span>
    </p>
   </div>
   <div class='ocr_carea' id='block_1_3' title="bbox 505 1463 1576 1518">
    <p class='ocr_par' dir='ltr' id='par_1_3' title="bbox 505 1463 1576 1518">
     <span class='ocr_line' id='line_1_17' title="bbox 505 1463 1576 1518; baseline 0.002 -2"><span class='ocrx_word' id='word_1_126' title='bbox 505 1463 602 1516; x_wconf 88' lang='lat' dir='ltr'>DE</span> <span class='ocrx_word' id='word_1_127' title='bbox 644 1463 1097 1517; x_wconf 73' lang='lat' dir='ltr'>PAVIMENTIS</span> <span class='ocrx_word' id='word_1_128' title='bbox 1138 1464 1231 1516; x_wconf 88' lang='lat' dir='ltr'>ET</span> <span class='ocrx_word' id='word_1_129' title='bbox 1272 1465 1576 1518; x_wconf 82' lang='lat' dir='ltr'><strong>LATERE.</strong></span> 
     </span>
    </p>
   </div>
   <div class='ocr_carea' id='block_1_4' title="bbox 114 1566 1877 1711">
    <p class='ocr_par' dir='ltr' id='par_1_4' title="bbox 114 1566 1877 1711">
     <span class='ocr_line' id='line_1_18' title="bbox 114 1566 1877 1636; baseline 0.002 -18"><span class='ocrx_word' id='word_1_130' title='bbox 114 1566 252 1618; x_wconf 89' lang='lat' dir='ltr'><strong>VIII</strong></span> <span class='ocrx_word' id='word_1_131' title='bbox 365 1567 484 1620; x_wconf 89' lang='lat' dir='ltr'>Hoc</span> <span class='ocrx_word' id='word_1_132' title='bbox 534 1568 697 1620; x_wconf 90' lang='lat' dir='ltr'>etiam</span> <span class='ocrx_word' id='word_1_133' title='bbox 743 1587 924 1621; x_wconf 90' lang='lat' dir='ltr'>mense</span> <span class='ocrx_word' id='word_1_134' title='bbox 967 1570 1277 1636; x_wconf 86' lang='lat' dir='ltr'>pauimenta</span> <span class='ocrx_word' id='word_1_135' title='bbox 1315 1568 1572 1621; x_wconf 84' lang='lat' dir='ltr'>faciemus</span> <span class='ocrx_word' id='word_1_136' title='bbox 1615 1571 1712 1622; x_wconf 89' lang='lat' dir='ltr'>sub</span> <span class='ocrx_word' id='word_1_137' title='bbox 1754 1571 1877 1622; x_wconf 87' lang='lat' dir='ltr'>diuo</span> 
     </span>
     <span class='ocr_line' id='line_1_19' title="bbox 205 1642 1012 1711; baseline 0 -18"><span class='ocrx_word' id='word_1_138' title='bbox 205 1645 258 1693; x_wconf 89' lang='lat' dir='ltr'>et</span> <span class='ocrx_word' id='word_1_139' title='bbox 298 1642 492 1694; x_wconf 88' lang='lat' dir='ltr'>lateres</span> <span class='ocrx_word' id='word_1_140' title='bbox 535 1660 703 1710; x_wconf 87' lang='lat' dir='ltr'>more,</span> <span class='ocrx_word' id='word_1_141' title='bbox 745 1661 848 1711; x_wconf 86' lang='lat' dir='ltr'>quo</span> <span class='ocrx_word' id='word_1_142' title='bbox 891 1643 1012 1695; x_wconf 83' lang='lat' dir='ltr'>dixi.</span> 
     </span>
    </p>
   </div>
   <div class='ocr_carea' id='block_1_5' title="bbox 353 1818 1944 1962">
    <p class='ocr_par' dir='ltr' id='par_1_5' title="bbox 353 1818 1944 1962">
     <span class='ocr_line' id='line_1_20' title="bbox 353 1818 1727 1880; baseline 0.001 -9"><span class='ocrx_word' id='word_1_143' title='bbox 353 1818 727 1880; x_wconf 79' lang='lat' dir='ltr'><strong>QVALITER</strong></span> <span class='ocrx_word' id='word_1_144' title='bbox 764 1818 1171 1872; x_wconf 76' lang='lat' dir='ltr'>FRVCTVVM</span> <span class='ocrx_word' id='word_1_145' title='bbox 1211 1819 1727 1873; x_wconf 84' lang='lat' dir='ltr'>VENTVRORVM</span> 
     </span>
     <span class='ocr_line' id='line_1_21' title="bbox 543 1907 1944 1962; baseline 0.001 -2"><span class='ocrx_word' id='word_1_146' title='bbox 543 1907 1077 1960; x_wconf 85' lang='lat' dir='ltr'><strong>EXPERIMENTA</strong></span> <span class='ocrx_word' id='word_1_147' title='bbox 1121 1907 1540 1961; x_wconf 78' lang='lat' dir='ltr'><strong>SVMANTVR.</strong></span> <span class='ocrx_word' id='word_1_148' title='bbox 1901 1932 1944 1962; x_wconf 77' lang='lat'>20</span> 
     </span>
    </p>
   </div>
   <div class='ocr_carea' id='block_1_6' title="bbox 113 2009 1942 2377">
    <p class='ocr_par' dir='ltr' id='par_1_6' title="bbox 113 2009 1942 2377">
     <span class='ocr_line' id='line_1_22' title="bbox 113 2009 1875 2082; baseline 0.002 -21"><span class='ocrx_word' id='word_1_149' title='bbox 113 2009 278 2062; x_wconf 87' lang='lat' dir='ltr'><strong>VIIII</strong></span> <span class='ocrx_word' id='word_1_150' title='bbox 393 2010 583 2063; x_wconf 85' lang='lat' dir='ltr'>Graeci</span> <span class='ocrx_word' id='word_1_151' title='bbox 624 2012 876 2064; x_wconf 90' lang='lat' dir='ltr'>adserunt</span> <span class='ocrx_word' id='word_1_152' title='bbox 908 2012 1210 2082; x_wconf 79' lang='lat' dir='ltr'>Aegyptios</span> <span class='ocrx_word' id='word_1_153' title='bbox 1243 2013 1344 2065; x_wconf 87' lang='lat' dir='ltr'>hoc</span> <span class='ocrx_word' id='word_1_154' title='bbox 1377 2031 1522 2064; x_wconf 90' lang='lat' dir='ltr'>more</span> <span class='ocrx_word' id='word_1_155' title='bbox 1555 2017 1875 2080; x_wconf 85' lang='lat' dir='ltr'>prouentum</span> 
     </span>
     <span class='ocr_line' id='line_1_23' title="bbox 203 2084 1874 2154; baseline 0.002 -19"><span class='ocrx_word' id='word_1_156' title='bbox 203 2084 372 2136; x_wconf 87' lang='lat' dir='ltr'>futuri</span> <span class='ocrx_word' id='word_1_157' title='bbox 414 2085 668 2153; x_wconf 88' lang='lat' dir='ltr'>cuiusque</span> <span class='ocrx_word' id='word_1_158' title='bbox 710 2087 929 2138; x_wconf 89' lang='lat' dir='ltr'>seminis</span> <span class='ocrx_word' id='word_1_159' title='bbox 971 2087 1211 2154; x_wconf 83' lang='lat' dir='ltr'>experiri.</span> <span class='ocrx_word' id='word_1_160' title='bbox 1281 2105 1460 2138; x_wconf 88' lang='lat' dir='ltr'>aream</span> <span class='ocrx_word' id='word_1_161' title='bbox 1499 2088 1717 2139; x_wconf 88' lang='lat' dir='ltr'>breuem</span> <span class='ocrx_word' id='word_1_162' title='bbox 1756 2087 1874 2139; x_wconf 91' lang='lat' dir='ltr'>loco</span> 
     </span>
     <span class='ocr_line' id='line_1_24' title="bbox 205 2159 1874 2229; baseline 0.001 -19"><span class='ocrx_word' id='word_1_163' title='bbox 205 2159 428 2211; x_wconf 90' lang='lat' dir='ltr'>subacto</span> <span class='ocrx_word' id='word_1_164' title='bbox 472 2162 524 2210; x_wconf 93' lang='lat' dir='ltr'>et</span> <span class='ocrx_word' id='word_1_165' title='bbox 564 2159 743 2212; x_wconf 90' lang='lat' dir='ltr'>umido</span> <span class='ocrx_word' id='word_1_166' title='bbox 783 2179 924 2213; x_wconf 90' lang='lat' dir='ltr'>nunc</span> <span class='ocrx_word' id='word_1_167' title='bbox 965 2160 1215 2212; x_wconf 85' lang='lat' dir='ltr'>excolunt</span> <span class='ocrx_word' id='word_1_168' title='bbox 1256 2164 1309 2212; x_wconf 90' lang='lat' dir='ltr'>et</span> <span class='ocrx_word' id='word_1_169' title='bbox 1347 2160 1404 2212; x_wconf 93' lang='lat' dir='ltr'>in</span> <span class='ocrx_word' id='word_1_170' title='bbox 1443 2179 1504 2212; x_wconf 91' lang='lat' dir='ltr'>ea</span> <span class='ocrx_word' id='word_1_171' title='bbox 1539 2160 1725 2212; x_wconf 89' lang='lat' dir='ltr'>diuisis</span> <span class='ocrx_word' id='word_1_172' title='bbox 1761 2179 1874 2229; x_wconf 91' lang='lat' dir='ltr'>spa-</span> 
     </span>
     <span class='ocr_line' id='line_1_25' title="bbox 204 2232 1871 2304; baseline 0.001 -21"><span class='ocrx_word' id='word_1_173' title='bbox 204 2232 296 2284; x_wconf 88' lang='lat' dir='ltr'>tiis</span> <span class='ocrx_word' id='word_1_174' title='bbox 338 2233 517 2284; x_wconf 89' lang='lat' dir='ltr'>omnia</span> <span class='ocrx_word' id='word_1_175' title='bbox 557 2233 812 2285; x_wconf 84' lang='lat' dir='ltr'>frumenti</span> <span class='ocrx_word' id='word_1_176' title='bbox 853 2234 939 2286; x_wconf 87' lang='lat' dir='ltr'>uel</span> <span class='ocrx_word' id='word_1_177' title='bbox 977 2235 1311 2304; x_wconf 83' lang='lat' dir='ltr'>leguminum</span> <span class='ocrx_word' id='word_1_178' title='bbox 1352 2235 1555 2286; x_wconf 87' lang='lat' dir='ltr'>semina</span> <span class='ocrx_word' id='word_1_179' title='bbox 1596 2239 1871 2304; x_wconf 85' lang='lat' dir='ltr'>spargunt.</span> 
     </span>
     <span class='ocr_line' id='line_1_26' title="bbox 204 2306 1942 2377; baseline 0.002 -19"><span class='ocrx_word' id='word_1_180' title='bbox 204 2306 390 2358; x_wconf 90' lang='lat' dir='ltr'>deinde</span> <span class='ocrx_word' id='word_1_181' title='bbox 430 2307 487 2358; x_wconf 95' lang='lat' dir='ltr'>in</span> <span class='ocrx_word' id='word_1_182' title='bbox 527 2311 647 2359; x_wconf 91' lang='lat' dir='ltr'>ortu</span> <span class='ocrx_word' id='word_1_183' title='bbox 692 2308 983 2377; x_wconf 85' lang='lat' dir='ltr'>caniculae,</span> <span class='ocrx_word' id='word_1_184' title='bbox 1031 2309 1122 2376; x_wconf 89' lang='lat' dir='ltr'>qui</span> <span class='ocrx_word' id='word_1_185' title='bbox 1171 2309 1309 2377; x_wconf 90' lang='lat' dir='ltr'>apud</span> <span class='ocrx_word' id='word_1_186' title='bbox 1348 2307 1619 2360; x_wconf 84' lang='lat' dir='ltr'>Romanos</span> <span class='ocrx_word' id='word_1_187' title='bbox 1662 2312 1873 2376; x_wconf 89' lang='lat' dir='ltr'>quarto·</span> <span class='ocrx_word' id='word_1_188' title='bbox 1900 2330 1942 2362; x_wconf 85' lang='lat'>25</span> 
     </span>
    </p>
   </div>
   <div class='ocr_carea' id='block_1_7' title="bbox 201 2438 1876 2849">
    <p class='ocr_par' dir='ltr' id='par_1_7' title="bbox 201 2438 1876 2849">
     <span class='ocr_line' id='line_1_27' title="bbox 323 2438 1874 2496; baseline 0.003 -18"><span class='ocrx_word' id='word_1_189' title='bbox 323 2442 344 2478; x_wconf 92' lang='lat'>1</span> <span class='ocrx_word' id='word_1_190' title='bbox 393 2439 574 2492; x_wconf 85' lang='lat' dir='ltr'>partem</span> <span class='ocrx_word' id='word_1_191' title='bbox 615 2451 701 2492; x_wconf 76' lang='lat' dir='ltr'>pro</span> <span class='ocrx_word' id='word_1_192' title='bbox 746 2440 923 2493; x_wconf 88' lang='lat' dir='ltr'>pestem</span> <span class='ocrx_word' id='word_1_193' title='bbox 966 2438 1007 2481; x_wconf 99' lang='lat' dir='ltr'><strong><em>G</em></strong></span> <span class='ocrx_word' id='word_1_194' title='bbox 1050 2440 1054 2496; x_wconf 89' lang='grc' dir='ltr'>Ι</span> <span class='ocrx_word' id='word_1_195' title='bbox 1100 2439 1281 2482; x_wconf 83' lang='lat' dir='ltr'>adiecto</span> <span class='ocrx_word' id='word_1_196' title='bbox 1329 2452 1385 2481; x_wconf 89' lang='lat' dir='ltr'>ne</span> <span class='ocrx_word' id='word_1_197' title='bbox 1432 2441 1616 2494; x_wconf 83' lang='lat' dir='ltr'>reparet</span> <span class='ocrx_word' id='word_1_198' title='bbox 1655 2439 1704 2482; x_wconf 90' lang='lat' dir='ltr'><em>E</em></span> <span class='ocrx_word' id='word_1_199' title='bbox 1750 2441 1755 2495; x_wconf 83' lang='grc' dir='ltr'>Ι</span> <span class='ocrx_word' id='word_1_200' title='bbox 1805 2452 1874 2482; x_wconf 86' lang='lat' dir='ltr'>re-</span> 
     </span>
     <span class='ocr_line' id='line_1_28' title="bbox 201 2496 1869 2555; baseline 0.001 -17"><span class='ocrx_word' id='word_1_201' title='bbox 201 2509 361 2551; x_wconf 83' lang='lat' dir='ltr'>parere</span> <span class='ocrx_word' id='word_1_202' title='bbox 395 2496 438 2538; x_wconf 93' lang='lat' dir='ltr'><strong><em>V</em></strong></span> <span class='ocrx_word' id='word_1_203' title='bbox 478 2498 491 2551; x_wconf 91' lang='grc' dir='ltr'>ΙΙ</span> <span class='ocrx_word' id='word_1_204' title='bbox 538 2503 564 2539; x_wconf 89' lang='lat'>4</span> <span class='ocrx_word' id='word_1_205' title='bbox 609 2496 698 2539; x_wconf 92' lang='lat' dir='ltr'>erit</span> <span class='ocrx_word' id='word_1_206' title='bbox 722 2511 808 2552; x_wconf 75' lang='lat' dir='ltr'>pro</span> <span class='ocrx_word' id='word_1_207' title='bbox 839 2497 1070 2540; x_wconf 86' lang='lat' dir='ltr'>inueneris</span> <span class='ocrx_word' id='word_1_208' title='bbox 1097 2513 1132 2554; x_wconf 78' lang='lat' dir='ltr'>p</span> <span class='ocrx_word' id='word_1_209' title='bbox 1178 2501 1192 2554; x_wconf 82' lang='grc' dir='ltr'>Η</span> <span class='ocrx_word' id='word_1_210' title='bbox 1239 2504 1263 2541; x_wconf 82' lang='lat'>5</span> <span class='ocrx_word' id='word_1_211' title='bbox 1296 2497 1344 2539; x_wconf 91' lang='lat' dir='ltr'>id</span> <span class='ocrx_word' id='word_1_212' title='bbox 1376 2511 1456 2540; x_wconf 82' lang='lat' dir='ltr'>om.</span> <span class='ocrx_word' id='word_1_213' title='bbox 1486 2498 1534 2540; x_wconf 88' lang='lat' dir='ltr'><em>E</em></span> <span class='ocrx_word' id='word_1_214' title='bbox 1575 2499 1580 2555; x_wconf 89' lang='grc' dir='ltr'>Ι</span> <span class='ocrx_word' id='word_1_215' title='bbox 1622 2511 1754 2554; x_wconf 87' lang='lat' dir='ltr'>reges</span> <span class='ocrx_word' id='word_1_216' title='bbox 1785 2498 1829 2540; x_wconf 91' lang='lat' dir='ltr'><em>L</em></span> <span class='ocrx_word' id='word_1_217' title='bbox 1865 2509 1869 2555; x_wconf 66' lang='lat' dir='ltr'>j</span> 
     </span>
     <span class='ocr_line' id='line_1_29' title="bbox 202 2554 1874 2613; baseline 0.001 -17"><span class='ocrx_word' id='word_1_218' title='bbox 202 2554 345 2597; x_wconf 86' lang='lat' dir='ltr'>futuri</span> <span class='ocrx_word' id='word_1_219' title='bbox 376 2554 498 2611; x_wconf 86' lang='lat' dir='ltr'>regis</span> <span class='ocrx_word' id='word_1_220' title='bbox 530 2557 681 2612; x_wconf 72' lang='lat' dir='ltr'>iacys</span> <span class='ocrx_word' id='word_1_221' title='bbox 725 2558 739 2611; x_wconf 78' lang='grc' dir='ltr'>Η</span> <span class='ocrx_word' id='word_1_222' title='bbox 788 2561 810 2598; x_wconf 87' lang='grc'>7</span> <span class='ocrx_word' id='word_1_223' title='bbox 853 2559 900 2599; x_wconf 88' lang='lat' dir='ltr'>et</span> <span class='ocrx_word' id='word_1_224' title='bbox 931 2556 1115 2613; x_wconf 82' lang='lat' dir='ltr'>longius</span> <span class='ocrx_word' id='word_1_225' title='bbox 1150 2558 1198 2600; x_wconf 86' lang='grc' dir='ltr'><em>Ε</em></span> <span class='ocrx_word' id='word_1_226' title='bbox 1241 2560 1246 2613; x_wconf 88' lang='grc' dir='ltr'>Ι</span> <span class='ocrx_word' id='word_1_227' title='bbox 1291 2559 1483 2612; x_wconf 87' lang='lat' dir='ltr'>apareat</span> <span class='ocrx_word' id='word_1_228' title='bbox 1515 2557 1564 2599; x_wconf 84' lang='lat' dir='ltr'><em>E</em></span> <span class='ocrx_word' id='word_1_229' title='bbox 1607 2559 1621 2613; x_wconf 82' lang='grc' dir='ltr'>Η</span> <span class='ocrx_word' id='word_1_230' title='bbox 1667 2562 1692 2600; x_wconf 87' lang='grc'>8</span> <span class='ocrx_word' id='word_1_231' title='bbox 1725 2559 1874 2600; x_wconf 86' lang='lat' dir='ltr'>trans-</span> 
     </span>
     <span class='ocr_line' id='line_1_30' title="bbox 202 2614 1873 2673; baseline 0.001 -18"><span class='ocrx_word' id='word_1_232' title='bbox 202 2614 393 2656; x_wconf 85' lang='lat' dir='ltr'>ferenda</span> <span class='ocrx_word' id='word_1_233' title='bbox 424 2615 473 2656; x_wconf 87' lang='lat' dir='ltr'><em>E</em></span> <span class='ocrx_word' id='word_1_234' title='bbox 499 2618 502 2668; x_wconf 93' lang='grc' dir='ltr'>Ι</span> <span class='ocrx_word' id='word_1_235' title='bbox 532 2614 673 2658; x_wconf 83' lang='lat' dir='ltr'>erosis</span> <span class='ocrx_word' id='word_1_236' title='bbox 706 2629 786 2658; x_wconf 83' lang='lat' dir='ltr'>om.</span> <span class='ocrx_word' id='word_1_237' title='bbox 814 2616 863 2657; x_wconf 86' lang='lat' dir='ltr'><em>E</em></span> <span class='ocrx_word' id='word_1_238' title='bbox 888 2616 892 2673; x_wconf 86' lang='grc' dir='ltr'>Ι</span> <span class='ocrx_word' id='word_1_239' title='bbox 923 2615 1148 2672; x_wconf 82' lang='lat' dir='ltr'>operculis</span> <span class='ocrx_word' id='word_1_240' title='bbox 1181 2617 1231 2670; x_wconf 82' lang='lat' dir='ltr'>V,</span> <span class='ocrx_word' id='word_1_241' title='bbox 1269 2615 1521 2671; x_wconf 88' lang='lat' dir='ltr'>coperculis</span> <span class='ocrx_word' id='word_1_242' title='bbox 1555 2616 1604 2659; x_wconf 84' lang='lat' dir='ltr'><em>F</em></span> <span class='ocrx_word' id='word_1_243' title='bbox 1637 2618 1651 2672; x_wconf 80' lang='grc' dir='ltr'>Η</span> <span class='ocrx_word' id='word_1_244' title='bbox 1691 2621 1715 2658; x_wconf 88' lang='grc'>9</span> <span class='ocrx_word' id='word_1_245' title='bbox 1749 2629 1873 2658; x_wconf 85' lang='lat' dir='ltr'>exer-</span> 
     </span>
     <span class='ocr_line' id='line_1_31' title="bbox 203 2673 1876 2732; baseline 0.001 -17"><span class='ocrx_word' id='word_1_246' title='bbox 203 2686 303 2716; x_wconf 84' lang='lat' dir='ltr'>cere</span> <span class='ocrx_word' id='word_1_247' title='bbox 347 2673 441 2729; x_wconf 74' lang='lat' dir='ltr'>QE</span> <span class='ocrx_word' id='word_1_248' title='bbox 489 2676 493 2729; x_wconf 86' lang='grc' dir='ltr'>Ι</span> <span class='ocrx_word' id='word_1_249' title='bbox 543 2688 651 2716; x_wconf 88' lang='lat' dir='ltr'>nam</span> <span class='ocrx_word' id='word_1_250' title='bbox 698 2688 778 2717; x_wconf 85' lang='lat' dir='ltr'>om.</span> <span class='ocrx_word' id='word_1_251' title='bbox 818 2674 858 2717; x_wconf 88' lang='lat' dir='ltr'><strong><em>G</em></strong></span> <span class='ocrx_word' id='word_1_252' title='bbox 910 2676 914 2731; x_wconf 91' lang='grc' dir='ltr'>Ι</span> <span class='ocrx_word' id='word_1_253' title='bbox 965 2675 1057 2717; x_wconf 85' lang='lat' dir='ltr'>iam</span> <span class='ocrx_word' id='word_1_254' title='bbox 1104 2678 1309 2718; x_wconf 88' lang='lat' dir='ltr'>maturos</span> <span class='ocrx_word' id='word_1_255' title='bbox 1353 2675 1394 2718; x_wconf 93' lang='lat' dir='ltr'><strong><em>G</em></strong></span> <span class='ocrx_word' id='word_1_256' title='bbox 1439 2677 1452 2730; x_wconf 80' lang='grc' dir='ltr'>Η</span> <span class='ocrx_word' id='word_1_257' title='bbox 1502 2679 1554 2717; x_wconf 90' lang='grc'><strong>10</strong></span> <span class='ocrx_word' id='word_1_258' title='bbox 1603 2674 1756 2718; x_wconf 89' lang='lat' dir='ltr'>subito</span> <span class='ocrx_word' id='word_1_259' title='bbox 1790 2675 1833 2717; x_wconf 94' lang='lat' dir='ltr'><strong><em>V</em></strong></span> <span class='ocrx_word' id='word_1_260' title='bbox 1861 2675 1876 2732; x_wconf 77' lang='grc' dir='ltr'>Η</span> 
     </span>
     <span class='ocr_line' id='line_1_32' title="bbox 203 2732 1871 2791; baseline 0.002 -18"><span class='ocrx_word' id='word_1_261' title='bbox 203 2736 254 2774; x_wconf 93' lang='grc'>11</span> <span class='ocrx_word' id='word_1_262' title='bbox 283 2732 436 2775; x_wconf 87' lang='lat' dir='ltr'>sonitu</span> <span class='ocrx_word' id='word_1_263' title='bbox 454 2747 489 2788; x_wconf 76' lang='lat' dir='ltr'>p</span> <span class='ocrx_word' id='word_1_264' title='bbox 512 2735 526 2788; x_wconf 80' lang='grc'>11</span> <span class='ocrx_word' id='word_1_265' title='bbox 555 2738 604 2775; x_wconf 89' lang='grc'>12</span> <span class='ocrx_word' id='word_1_266' title='bbox 633 2732 859 2776; x_wconf 83' lang='lat' dir='ltr'>albarium</span> <span class='ocrx_word' id='word_1_267' title='bbox 885 2735 929 2775; x_wconf 88' lang='lat' dir='ltr'><strong><em>P</em></strong></span> <span class='ocrx_word' id='word_1_268' title='bbox 954 2736 958 2790; x_wconf 91' lang='grc' dir='ltr'>Ι</span> <span class='ocrx_word' id='word_1_269' title='bbox 987 2734 1159 2777; x_wconf 86' lang='lat' dir='ltr'>redibit</span> <span class='ocrx_word' id='word_1_270' title='bbox 1190 2736 1342 2791; x_wconf 76' lang='lat' dir='ltr'>iacys</span> <span class='ocrx_word' id='word_1_271' title='bbox 1365 2736 1378 2790; x_wconf 76' lang='grc' dir='ltr'>ΙΙ</span> <span class='ocrx_word' id='word_1_272' title='bbox 1406 2739 1458 2776; x_wconf 84' lang='grc'>13</span> <span class='ocrx_word' id='word_1_273' title='bbox 1485 2747 1729 2790; x_wconf 84' lang='lat' dir='ltr'>conspersa</span> <span class='ocrx_word' id='word_1_274' title='bbox 1758 2733 1871 2788; x_wconf 75' lang='lat' dir='ltr'>GE,</span> 
     </span>
     <span class='ocr_line' id='line_1_33' title="bbox 202 2791 1873 2849; baseline 0.001 -16"><span class='ocrx_word' id='word_1_275' title='bbox 202 2791 462 2847; x_wconf 87' lang='lat' dir='ltr'>conspersio</span> <span class='ocrx_word' id='word_1_276' title='bbox 494 2792 544 2845; x_wconf 83' lang='lat' dir='ltr'>V,</span> <span class='ocrx_word' id='word_1_277' title='bbox 587 2805 828 2848; x_wconf 80' lang='lat' dir='ltr'>consperso</span> <span class='ocrx_word' id='word_1_278' title='bbox 869 2793 1198 2849; x_wconf 72' lang='lat' dir='ltr'>PLQSTFp</span> <span class='ocrx_word' id='word_1_279' title='bbox 1244 2796 1258 2849; x_wconf 78' lang='grc' dir='ltr'>ΙΙ</span> <span class='ocrx_word' id='word_1_280' title='bbox 1299 2798 1352 2835; x_wconf 89' lang='grc'>14</span> <span class='ocrx_word' id='word_1_281' title='bbox 1384 2807 1524 2835; x_wconf 89' lang='lat' dir='ltr'>manu</span> <span class='ocrx_word' id='word_1_282' title='bbox 1556 2807 1636 2837; x_wconf 87' lang='lat' dir='ltr'>om.</span> <span class='ocrx_word' id='word_1_283' title='bbox 1664 2807 1700 2849; x_wconf 78' lang='lat' dir='ltr'>p</span> <span class='ocrx_word' id='word_1_284' title='bbox 1742 2793 1748 2849; x_wconf 88' lang='grc' dir='ltr'>Ι</span> <span class='ocrx_word' id='word_1_285' title='bbox 1792 2795 1873 2835; x_wconf 87' lang='lat' dir='ltr'>aut</span> 
     </span>
    </p>
   </div>
   <div class='ocr_carea' id='block_1_8' title="bbox 200 2849 1866 2967">
    <p class='ocr_par' dir='ltr' id='par_1_8' title="bbox 200 2849 1866 2967">
     <span class='ocr_line' id='line_1_34' title="bbox 200 2849 1866 2910; baseline 0.001 -18"><span class='ocrx_word' id='word_1_286' title='bbox 200 2849 343 2892; x_wconf 78' lang='lat' dir='ltr'>trulla</span> <span class='ocrx_word' id='word_1_287' title='bbox 374 2864 454 2894; x_wconf 82' lang='lat' dir='ltr'>om.</span> <span class='ocrx_word' id='word_1_288' title='bbox 477 2865 511 2906; x_wconf 77' lang='lat' dir='ltr'>p</span> <span class='ocrx_word' id='word_1_289' title='bbox 535 2853 548 2906; x_wconf 86' lang='grc' dir='ltr'>ΙΙ</span> <span class='ocrx_word' id='word_1_290' title='bbox 575 2856 627 2893; x_wconf 90' lang='grc'>16</span> <span class='ocrx_word' id='word_1_291' title='bbox 659 2851 855 2893; x_wconf 84' lang='lat' dir='ltr'>LETER</span> <span class='ocrx_word' id='word_1_292' title='bbox 883 2851 923 2894; x_wconf 85' lang='lat' dir='ltr'><strong><em>G</em></strong></span> <span class='ocrx_word' id='word_1_293' title='bbox 947 2854 961 2907; x_wconf 87' lang='grc' dir='ltr'>ΙΙ</span> <span class='ocrx_word' id='word_1_294' title='bbox 988 2859 1038 2894; x_wconf 84' lang='grc'>19</span> <span class='ocrx_word' id='word_1_295' title='bbox 1072 2851 1357 2896; x_wconf 86' lang='lat' dir='ltr'>FRVCTVM</span> <span class='ocrx_word' id='word_1_296' title='bbox 1394 2852 1430 2908; x_wconf 73' lang='lat' dir='ltr'><em>Q</em></span> <span class='ocrx_word' id='word_1_297' title='bbox 1453 2854 1466 2907; x_wconf 86' lang='grc' dir='ltr'>ΙΙ</span> <span class='ocrx_word' id='word_1_298' title='bbox 1492 2857 1545 2894; x_wconf 90' lang='grc'>22</span> <span class='ocrx_word' id='word_1_299' title='bbox 1579 2850 1763 2895; x_wconf 82' lang='lat' dir='ltr'>uenturi</span> <span class='ocrx_word' id='word_1_300' title='bbox 1787 2852 1837 2894; x_wconf 88' lang='grc' dir='ltr'><em>Ε</em></span> <span class='ocrx_word' id='word_1_301' title='bbox 1862 2852 1866 2910; x_wconf 81' lang='grc' dir='ltr'>Ι</span> 
     </span>
     <span class='ocr_line' id='line_1_35' title="bbox 200 2907 1801 2967; baseline 0.004 -18"><span class='ocrx_word' id='word_1_302' title='bbox 200 2907 248 2950; x_wconf 88' lang='lat' dir='ltr'>in</span> <span class='ocrx_word' id='word_1_303' title='bbox 281 2908 380 2951; x_wconf 89' lang='lat' dir='ltr'>loco</span> <span class='ocrx_word' id='word_1_304' title='bbox 415 2910 472 2964; x_wconf 84' lang='lat' dir='ltr'>E,</span> <span class='ocrx_word' id='word_1_305' title='bbox 506 2909 598 2953; x_wconf 90' lang='lat' dir='ltr'>leui</span> <span class='ocrx_word' id='word_1_306' title='bbox 625 2924 661 2965; x_wconf 74' lang='lat' dir='ltr'>p</span> <span class='ocrx_word' id='word_1_307' title='bbox 684 2912 697 2966; x_wconf 74' lang='grc' dir='ltr'>ΙΙ</span> <span class='ocrx_word' id='word_1_308' title='bbox 723 2915 778 2952; x_wconf 88' lang='grc'>24</span> <span class='ocrx_word' id='word_1_309' title='bbox 809 2910 1045 2967; x_wconf 85' lang='lat' dir='ltr'>legumina</span> <span class='ocrx_word' id='word_1_310' title='bbox 1076 2911 1150 2954; x_wconf 89' lang='lat' dir='ltr'>uel</span> <span class='ocrx_word' id='word_1_311' title='bbox 1182 2910 1400 2954; x_wconf 88' lang='lat' dir='ltr'>frumenti</span> <span class='ocrx_word' id='word_1_312' title='bbox 1424 2926 1458 2967; x_wconf 76' lang='lat'>1)</span> <span class='ocrx_word' id='word_1_313' title='bbox 1481 2914 1494 2967; x_wconf 83' lang='grc' dir='ltr'>ΙΙ</span> <span class='ocrx_word' id='word_1_314' title='bbox 1520 2916 1573 2954; x_wconf 89' lang='grc'>25</span> <span class='ocrx_word' id='word_1_315' title='bbox 1607 2924 1725 2966; x_wconf 83' lang='lat' dir='ltr'>quac</span> <span class='ocrx_word' id='word_1_316' title='bbox 1760 2910 1801 2955; x_wconf 84' lang='lat' dir='ltr'><strong><em>G</em></strong></span> 
     </span>
    </p>
   </div>
  </div>
 </body>
</html>
