2072 3145
613 154 863 198 PALLAD.
896 153 1090 198 AGRIC.
1116 154 1201 197 VII
1228 160 1338 198 1-2
1712 156 1812 206 171

216 275 267 328 Χ
320 275 401 329 De
443 276 561 329 oleo
605 275 1043 328 chamaemelinO.

185 350 263 402 XI
319 350 399 402 De
440 350 719 402 oenanthe.

161 422 266 476 XII
318 423 400 476 De
441 424 604 476 alfita.

133 496 267 550 XIII
320 498 400 551 De
439 498 605 550 horiS.

86 787 106 819 5
596 764 693 816 DE
735 763 938 817 ΑΒΕΔ
977 762 1347 815 PARANDA.

238 867 358 921 Hoc
404 887 584 920 mense
635 887 756 920 area
801 868 1040 936 paranda
1089 871 1172 919 esf,
1220 867 1286 919 ad
1333 867 1608 935 triburam,
1657 868 1807 919 cuius
1872 866 1899 919 I

126 941 301 1009 primo
357 946 504 994 terra
557 943 790 994 radatur.
877 941 1065 994 deinde
1121 941 1317 993 effossa
1370 941 1566 992 leuiter
1621 942 1806 993 mixtis

125 1015 296 1083 paleis
338 1020 392 1067 eb
433 1035 651 1068 amurca
691 1019 953 1084 aequatur
992 1015 1218 1067 insulsa:
1269 1033 1402 1082 quae
1451 1033 1536 1066 res
1578 1033 1608 1066 a
1647 1016 1808 1066 muri-

127 1090 228 1141 bus
262 1093 316 1141 el]
347 1090 589 1142 formicis
622 1090 894 1141 frumenta
927 1088 1180 1141 defendit.
1238 1092 1369 1141 'cunc
1399 1090 1691 1157 premenda
1724 1093 1807 1141 esi:

61 1188 103 1219 10
127 1164 357 1216 robundo
408 1164 584 1232 lapide
631 1164 719 1216 uel
767 1164 1046 1216 columnae
1096 1181 1434 1231 quocumque
1485 1162 1807 1232 fragmenb07

128 1237 278 1289 cuius
310 1238 580 1290 uolutatio
613 1236 788 1306 possib
821 1238 935 1289 eius
970 1238 1147 1305 spatia
1181 1237 1427 1289 solidare.
1476 1236 1668 1289 dehinc
1694 1237 1805 1289 sole

127 1311 372 1363 siccetur.
451 1312 620 1380 aliqui
672 1312 944 1363 mundatis
1002 1311 1138 1362 areis
1189 1329 1383 1378 aquam
1431 1315 1697 1379 spargunt
1753 1314 1807 1363 61]

126 1385 336 1437 minuta
382 1386 460 1438 ibi
505 1404 701 1454 pecora
748 1385 838 1437 diu
878 1385 1104 1454 spatiari
1145 1403 1205 1437 ac
1245 1385 1555 1452 proculcare
1597 1385 1807 1452 conpel-

125 1459 259 1511 lunt.
337 1463 391 1512 et
439 1478 559 1512 cum
610 1464 756 1511 terra
804 1459 1020 1529 ungulis
1072 1458 1263 1510 stricta
1314 1458 1501 1527 fuerit,
1558 1462 1805 1527 spectant

58 1555 100 1588 15
126 1533 356 1585 solidam
397 1534 710 1586 siccibatem.

706 1725 802 1778 DE
844 1724 1220 1777 MESSIBVS.

232 1828 391 1881 Nunc
444 1829 619 1897 primo
670 1829 860 1881 hordei
908 1829 1100 1880 messis
1149 1828 1429 1896 incipitur,
1485 1846 1620 1895 quae
1678 1846 1801 1880 con-
1834 1829 1890 1880 II

123 1903 438 1954 summanda
478 1906 574 1970 est,
615 1906 905 1970 antequam
945 1920 1113 1972 grana
1153 1902 1403 1954 arefacffis
1445 1901 1607 1970 spicis
1647 1901 1802 1970 lapsa

122 1977 421 2044 decurram,
462 1977 587 2045 quia
626 1977 790 2028 nullis
826 1977 965 2029 sicut
997 1976 1240 2027 triticum
1272 1976 1531 2028 folliculis
1566 1976 1802 2027 1168111111-

54 2073 97 2104 20
121 2054 223 2103 tur.
287 2051 520 2119 quinque
562 2051 769 2102 modios
810 2049 1044 2102 recidere
1084 2054 1266 2118 potest
1306 2050 1453 2117 pleni
1487 2050 1604 2118 agri
1639 2068 1800 2118 opera

119 2142 226 2175 una
258 2124 511 2176 messoris
545 2123 769 2193 experti,
801 2123 1084 2176 mediocris
1115 2142 1243 2176 uero
1270 2127 1397 2191 tres7
1429 2124 1610 2175 ultimi
1635 2123 1801 2175 etiam

121 2197 311 2250 minus.
375 2199 466 2250 sed
505 2199 694 2251 hordei
735 2199 938 2250 culmos
980 2198 1152 2250 iacere
1195 2199 1251 2249 in
1283 2199 1427 2267 agris
1463 2197 1799 2265 aliquantum

242 2363 263 2399 1
300 2357 475 2401 camelo
509 2358 562 2414 V,
595 2357 849 2401 camomelo
886 2357 941 2410 G,
977 2358 1265 2401 camemilleo
1298 2359 1336 2413 i,
1372 2356 1723 2400 chamaemilleo
1757 2372 1799 2411 a,

120 2416 436 2460 chamaemelo
484 2432 562 2474 98,
620 2416 870 2460 camemelo
911 2418 1042 2460 cetere?
1086 2420 1100 2473 ΙΙ
1148 2423 1172 2460 2
1220 2417 1316 2460 Deo
1366 2417 1569 2459 enantho
1620 2416 1682 2469 G,
1732 2416 1799 2459 De

119 2476 321 2518 enanthe
377 2477 462 2519 aliz·
513 2478 526 2531 Η
582 2481 606 2518 3
662 2475 861 2532 Alphica
907 2477 947 2530 i,
1005 2475 1126 2519 alica
1173 2492 1202 2519 av
1254 2478 1268 2531 Η
1321 2474 1540 2518 MENSIS
1593 2475 1798 2518 IVNIVS

117 2535 299 2578 addunt
351 2536 520 2578 codices
573 2537 773 2591 (praeter
813 2535 882 2590 E>
931 2541 971 2578 et
1008 2536 1026 2577 i
1079 2538 1092 2592 ΙΙ
1155 2541 1178 2578 6
1227 2534 1358 2577 Iunio
1409 2548 1565 2577 mense
1614 2549 1740 2591 acys
1785 2535 1800 2592 Η

119 2597 145 2635 8
186 2595 413 2648 aequetur
444 2594 479 2637 S
491 2595 505 2618 ¹
551 2595 565 2650 Η
615 2599 663 2636 11
708 2593 812 2636 Sole
847 2593 1013 2637 dehinc
1043 2594 1275 2637 siccentur
1308 2594 1357 2636 E
1399 2596 1413 2649 ΙΙ
1462 2599 1513 2636 12
1558 2593 1676 2636 aeris
1712 2593 1794 2651 P}

118 2665 242 2707 aqua
275 2652 534 2708 PLQVF
575 2655 692 2709 1114
732 2652 869 2695 fricta
905 2653 947 2695 G
991 2656 1005 2709 Η
1054 2658 1106 2697 16
1148 2653 1226 2695 DE
1260 2652 1452 2695 MESSE
1488 2651 1672 2695 ORDEI
1706 2653 1756 2695 E
1783 2652 1799 2710 Η

119 2716 172 2754 17
204 2711 355 2768 prima
390 2711 432 2754 G
467 2712 472 2767 Ι
515 2712 676 2754 messis
710 2711 837 2754 ordei
870 2712 919 2754 E
951 2714 956 2769 Ι
998 2712 1222 2755 inciditur
1254 2712 1313 2766 E,
1345 2711 1568 2767 recipitur
1593 2726 1629 2767 p
1657 2724 1662 2768 1
1691 2725 1797 2754 con-

117 2771 343 2813 sumenda
383 2770 598 2825 PVSE,
647 2771 1005 2814 consummenda
1045 2772 1108 2826 L,
1158 2771 1524 2814 consumandai
1569 2772 1583 2826 ΙΙ
1632 2775 1684 2813 18
1728 2773 1798 2813 est

117 2843 200 2872 om.
227 2830 276 2872 E
323 2831 328 2886 Ι
379 2843 576 2885 granare
608 2829 768 2872 fractis
803 2830 897 2872 PL
911 2830 968 2886 Q,
1009 2845 1156 2886 grana
1196 2832 1320 2886 (ras.)
1361 2828 1521 2872 fractis
1556 2830 1606 2883 V,
1649 2843 1795 2886 grana

116 2888 328 2931 refractis
383 2888 529 2932 TFG
581 2891 595 2944 ΙΙ
650 2894 702 2931 21
751 2888 954 2931 Vltimus
994 2890 1044 2932 E
1094 2892 1107 2944 ΙΙ
1164 2894 1216 2931 22
1268 2888 1609 2943 aliquantulum
1657 2889 1745 2932 ST
1752 2890 1800 2931 E

118 2948 271 3004 iacys
