2014 3169
76 1044 118 1074 10

761 117 954 161 AGRIC.
980 118 1001 160 Ι
1026 123 1199 162 39—40
1749 118 1817 169 47

144 239 207 291 de
255 239 461 291 tubulis
510 239 671 306 fiunt,
717 238 888 308 uirgis
935 237 1124 291 ferreis
1172 238 1495 291 transuersis
1541 241 1595 291 et
1633 238 1819 291 ferreis

145 313 374 365 arcubus
426 314 774 365 sustinemur.
850 312 942 364 sed
991 312 1036 363 si
1085 312 1304 364 tubulos
1354 313 1495 365 nolis
1549 313 1820 380 inponere,
1861 313 1897 365 5

145 404 305 454 super
352 404 506 438 arcus
557 405 616 439 ac
665 387 847 456 uirgas
896 386 1119 454 bipedas
1165 386 1461 438 constitues
1502 386 1691 438 ferreis
1733 405 1820 438 an-

145 460 284 512 coris
327 461 626 530 conligatas
669 459 859 527 capillo
901 459 1043 511 inter
1085 478 1139 511 se
1173 463 1334 527 atque
1369 460 1563 530 argilla
1595 461 1819 512 subacta

144 534 492 586 cohaerentes
534 538 588 587 et
627 534 706 586 ita
744 535 1023 602 inpensam
1063 536 1356 586 testaceam
1391 534 1818 586 subterinduces:

142 608 331 660 deinde
364 608 554 660 albarii
589 608 764 676 operis
789 608 964 659 nitore
990 608 1282 660 decorabis,
1330 626 1615 676 possumus
1641 607 1818 676 etiam,

143 682 188 733 si
237 682 533 750 conpendio
583 683 880 746 studemm,
926 681 1154 734 hiberna
1202 681 1444 734 aedificia
1489 682 1694 733 balneis
1743 683 1818 733 in—

140 773 362 823 ponere:
412 755 538 809 hinc
587 760 640 808 et
686 754 1013 808 habitationi
1061 760 1302 824 teporem
1350 755 1720 808 submittimus
1765 760 1819 808 et

141 828 490 882 fundamenta
528 831 813 882 lucramur.

294 1021 394 1074 DE
435 1021 759 1074 MALTHIS
801 1019 1121 1074 CALIDAE
1161 1021 1255 1073 ET
1295 1020 1664 1073 FRIGIDAE.

254 1124 399 1178 Scire
434 1126 700 1193 conuenit,
734 1126 989 1193 quoniam
1022 1126 1085 1176 de
1117 1125 1323 1177 balneis
1352 1125 1640 1193 loquimur,
1703 1109 1909 1163 XXXX

141 1218 276 1268 quae
318 1200 428 1251 sint
467 1199 703 1252 malthae
745 1199 1028 1252 calidariae
1067 1198 1156 1250 uel
1194 1199 1526 1268 frigidariae,
1568 1202 1641 1268 ut,
1716 1182 1888 1255 (XLI)

141 1274 186 1325 si
235 1274 447 1342 quando
495 1274 552 1325 in
599 1273 748 1325 soliis
797 1274 964 1325 scissa
1005 1273 1113 1324 sint
1154 1291 1336 1341 opera,
1383 1274 1558 1341 possit
1597 1277 1815 1341 repente

142 1346 394 1399 succurri.
459 1347 742 1400 calidariae
777 1347 1077 1415 conpositio
1111 1347 1237 1398 talis
1272 1351 1365 1399 est.
1413 1348 1587 1415 picem
1613 1347 1815 1414 duram,

96 1441 115 1473 5
141 1439 317 1474 ceram
359 1421 537 1473 albam
577 1422 903 1489 ponderibus
946 1421 1152 1489 aequiS‚
1201 1424 1439 1489 stupam⁷
1485 1421 1619 1489 picis
1660 1421 1816 1489 liqui-

140 1495 236 1547 dae
284 1495 452 1547 totius
499 1496 750 1563 ponderis
799 1494 1076 1547 dimidiam
1121 1499 1354 1563 partem,
1401 1500 1600 1547 testam
1647 1494 1817 1546 minu-

139 1575 273 1637 tam,
320 1569 506 1621 florem
554 1569 736 1634 calciS‚
786 1570 966 1621 omnia
1014 1568 1173 1621 simul
1220 1570 1391 1620 mixta
1431 1569 1722 1621 confundes
1763 1572 1816 1620 et

138 1643 401 1695 iuncturis
443 1642 655 1696 curabis
696 1644 943 1695 inserere.
1008 1644 1166 1695 aliter
1207 1643 1599 1695 ammoniacum
1633 1644 1816 1694 remis-

140 1735 281 1784 sum,
327 1717 509 1785 ficum,
558 1722 795 1785 stupam,
842 1717 1016 1786 picem
1062 1717 1323 1785 liquidam
1371 1717 1561 1768 tundes
1608 1716 1664 1767 in
1702 1717 1814 1785 pilo

64 1810 90 1842 ’ρ
139 1793 192 1842 et
245 1791 522 1843 iuncturas
580 1791 836 1850 oblineS.‚
880 1792 1037 1842 aliter
1093 1791 1486 1842 ammoniacum
1542 1793 1594 1842 et
1643 1790 1815 1842 sulfur
1855 1792 1890 1843 2

138 1867 428 1932 utrumque
468 1864 767 1916 resolutum
805 1865 913 1917 line
953 1865 1040 1916 uel
1080 1864 1298 1916 infunde
1339 1865 1615 1916 iuncturis,
1682 1864 1815 1916 item

138 1939 312 2006 picem
367 1939 577 2003 duram,
633 1957 810 1991 ceram
865 1939 1044 2001 albam
1101 1943 1154 1990 et
1209 1939 1603 1991 ammoniacum
1656 1957 1814 2006 super

137 2012 425 2065 remissum
481 2013 641 2064 simul
691 2012 956 2065 iuncturis
1012 2011 1187 2065 adline
1245 2016 1298 2064 et
1354 2017 1567 2064 cautere
1623 2017 1815 2064 cuncta

257 2147 279 2185 1
313 2142 488 2185 tabulis
517 2143 719 2199 Giacqs
747 2143 752 2199 Ι
781 2143 899 2185 fiunt
916 2157 995 2186 om.
1017 2144 1067 2186 E
1086 2145 1100 2199 Η
1125 2148 1150 2185 2
1177 2142 1610 2185 arcubus—ferreis
1630 2156 1711 2185 om.
1736 2142 1777 2185 G
1806 2142 1810 2200 Ι

136 2201 324 2245 tabulas
360 2202 584 2258 GMeys,
619 2201 708 2244 Sed
740 2201 975 2258 gigibulos
1009 2203 1092 2259 ΕΗ
1124 2208 1149 2245 3
1181 2201 1374 2258 bipedes
1408 2202 1536 2244 EF&
1559 2204 1573 2257 Η
1598 2208 1624 2245 4
1665 2204 1711 2244 et
1744 2216 1815 2244 ar-

137 2260 255 2317 gissa
278 2261 362 2316 ΕΗ
387 2266 410 2303 5
447 2262 605 2304 subter
636 2260 816 2304 inducis
846 2261 981 2317 QVS
993 2262 1141 2305 TGE
1148 2262 1197 2304 F
1204 2276 1346 2318 acys,
1381 2260 1723 2303 subinterducis
1756 2261 1813 2316 L,

138 2319 457 2376 superinducis
498 2321 515 2363 i
567 2322 580 2376 Η
636 2325 660 2362 6
702 2319 897 2362 aluearii
928 2321 970 2363 L
1024 2323 1037 2376 Η
1092 2325 1117 2363 8
1157 2319 1266 2363 huic
1310 2320 1371 2374 G,
1411 2319 1532 2362 Huic
1572 2319 1694 2362 enim
1727 2333 1815 2375 pro

135 2378 245 2421 hinc
278 2381 323 2421 et
355 2380 398 2422 V
440 2381 448 2434 j
497 2378 792 2422 summitibus
829 2379 865 2435 Q
908 2381 921 2435 ΙΙ
969 2385 1023 2423 10
1057 2379 1282 2423 calidaria
1322 2381 1369 2422 et
1406 2378 1652 2435 frigidaria
1682 2380 1769 2422 iac
1800 2379 1814 2436 ΙΙ

139 2443 192 2480 12
235 2440 343 2480 sunt
380 2452 527 2482 omnes
577 2440 581 2495 Ι
634 2437 868 2481 caldariae
901 2439 1006 2493 VG,
1049 2438 1249 2482 calderie
1282 2439 1330 2481 E
1379 2441 1383 2493 Ι
1436 2438 1510 2480 uel
1541 2437 1814 2494 frigidariae

137 2510 218 2540 om.
247 2497 297 2539 E
339 2499 353 2553 ΙΙ
401 2502 454 2539 13
497 2497 616 2540 scisa
648 2498 751 2540 LE
798 2498 803 2554 Ι
855 2500 961 2540 sunt
991 2499 1143 2555 iacys
1193 2500 1198 2554 Ι
1248 2496 1429 2554 possint
1456 2497 1499 2539 L
1545 2499 1558 2552 Η
1607 2502 1660 2539 14
1694 2496 1814 2539 Cali-

138 2555 300 2598 darum
337 2555 699 2611 QVSTGEF,
734 2555 1018 2600 Callidarum
1049 2557 1092 2599 L
1124 2560 1137 2613 Η
1172 2562 1224 2600 15
1264 2556 1489 2612 Stuppam
1524 2556 1565 2599 G
1589 2558 1602 2612 ΙΙ
1629 2560 1681 2598 16
1714 2570 1812 2597 mu-

134 2614 284 2658 nitam
314 2614 358 2656 V
377 2617 391 2671 Η
418 2620 469 2658 17
504 2615 746 2658 confundis
778 2615 1198 2672 LQVSTGEF,
1233 2615 1369 2659 confu
1390 2650 1397 2658 .
1419 2651 1455 2658 ..
1492 2615 1600 2670 Pss),
1633 2614 1683 2656 in
1713 2614 1812 2670 pila

136 2673 391 2717 contundes
432 2688 556 2731 acys
593 2677 607 2730 Η
656 2680 708 2718 18
742 2673 1093 2717 iuncturis—in
1123 2675 1219 2731 pilo
1253 2677 1300 2717 et
1334 2688 1417 2718 om.
1448 2673 1490 2717 G
1535 2676 1549 2729 Η
1598 2678 1650 2716 19
1685 2676 1810 2729 stup-

134 2747 243 2789 pam
272 2733 354 2790 QS
378 2734 383 2789 Ι
413 2733 654 2776 confundis
691 2734 753 2788 G,
786 2733 944 2776 tundis
977 2736 1106 2778 ceteri
1134 2737 1138 2791 Ι
1174 2733 1222 2776 in
1255 2748 1336 2777 om.
1373 2747 1466 2789 αρε
1501 2735 1515 2789 Η
1555 2738 1609 2775 20
1643 2732 1812 2775 oblinis

135 2805 282 2836 onmes
305 2794 320 2848 Η
345 2796 400 2834 23
434 2791 588 2835 adlide
623 2793 678 2847 G,
712 2792 866 2835 obline
900 2793 949 2836 E
973 2795 978 2850 Ι
1009 2795 1143 2836 caute
1175 2793 1282 2848 VF,
1320 2795 1510 2836 cauture
1543 2792 1594 2834 Ε

253 2910 324 2954 De
355 2910 500 2954 codiee
532 2911 578 2953 P
605 2911 704 2954 vide
728 2912 877 2966 praef.
