<?xml version="1.0" encoding="UTF-8"?>
<!DOCTYPE html PUBLIC "-//W3C//DTD XHTML 1.0 Transitional//EN"
    "http://www.w3.org/TR/xhtml1/DTD/xhtml1-transitional.dtd">
<html xmlns="http://www.w3.org/1999/xhtml" xml:lang="en" lang="en">
 <head>
  <title>
</title>
<meta http-equiv="Content-Type" content="text/html;charset=utf-8" />
  <meta name='ocr-system' content='tesseract 3.04.00' />
  <meta name='ocr-capabilities' content='ocr_page ocr_carea ocr_par ocr_line ocrx_word'/>
</head>
<body>
  <div class='ocr_page' id='page_1' title='image "./palladiirvtiliit00palluoft_0213.png"; bbox 0 0 2072 3145; ppageno 0'>
   <div class='ocr_carea' id='block_1_1' title="bbox 43 1218 85 1248">
    <p class='ocr_par' dir='ltr' id='par_1_1' title="bbox 43 1218 85 1248">
     <span class='ocr_line' id='line_1_1' title="bbox 43 1218 85 1248; baseline 0 0"><span class='ocrx_word' id='word_1_1' title='bbox 43 1218 85 1248; x_wconf 83' lang='lat'>10</span> 
     </span>
    </p>
   </div>
   <div class='ocr_carea' id='block_1_2' title="bbox 42 1585 81 1617">
    <p class='ocr_par' dir='ltr' id='par_1_2' title="bbox 42 1585 81 1617">
     <span class='ocr_line' id='line_1_2' title="bbox 42 1585 81 1617; baseline 0 0"><span class='ocrx_word' id='word_1_2' title='bbox 42 1585 81 1617; x_wconf 90' lang='grc'>15</span> 
     </span>
    </p>
   </div>
   <div class='ocr_carea' id='block_1_3' title="bbox 39 1954 80 1985">
    <p class='ocr_par' dir='ltr' id='par_1_3' title="bbox 39 1954 80 1985">
     <span class='ocr_line' id='line_1_3' title="bbox 39 1954 80 1985; baseline -0.024 0"><span class='ocrx_word' id='word_1_3' title='bbox 39 1954 80 1985; x_wconf 76' lang='lat'>20</span> 
     </span>
    </p>
   </div>
   <div class='ocr_carea' id='block_1_4' title="bbox 706 118 1781 171">
    <p class='ocr_par' dir='ltr' id='par_1_4' title="bbox 706 118 1781 171">
     <span class='ocr_line' id='line_1_4' title="bbox 706 118 1781 171; baseline 0.007 -10"><span class='ocrx_word' id='word_1_4' title='bbox 706 118 901 162; x_wconf 81' lang='lat' dir='ltr'><strong>AGRIC.</strong></span> <span class='ocrx_word' id='word_1_5' title='bbox 927 118 1054 161; x_wconf 77' lang='lat' dir='ltr'>Vm]</span> <span class='ocrx_word' id='word_1_6' title='bbox 1079 124 1190 162; x_wconf 81' lang='lat'>1—5</span> <span class='ocrx_word' id='word_1_7' title='bbox 1681 119 1781 171; x_wconf 85' lang='lat'>191</span> 
     </span>
    </p>
   </div>
   <div class='ocr_carea' id='block_1_5' title="bbox 536 325 1356 380">
    <p class='ocr_par' dir='ltr' id='par_1_5' title="bbox 536 325 1356 380">
     <span class='ocr_line' id='line_1_5' title="bbox 536 325 1356 380; baseline -0.002 0"><span class='ocrx_word' id='word_1_8' title='bbox 536 327 632 380; x_wconf 79' lang='lat' dir='ltr'>DE</span> <span class='ocrx_word' id='word_1_9' title='bbox 673 325 997 379; x_wconf 81' lang='lat' dir='ltr'><strong>VRENDIS</strong></span> <span class='ocrx_word' id='word_1_10' title='bbox 1037 326 1356 380; x_wconf 82' lang='lat' dir='ltr'><strong>PASCVIS.</strong></span> 
     </span>
    </p>
   </div>
   <div class='ocr_carea' id='block_1_6' title="bbox 220 429 1869 499">
    <p class='ocr_par' dir='ltr' id='par_1_6' title="bbox 220 429 1869 499">
     <span class='ocr_line' id='line_1_6' title="bbox 220 429 1869 499; baseline -0.001 -15"><span class='ocrx_word' id='word_1_11' title='bbox 220 431 378 484; x_wconf 89' lang='lat' dir='ltr'>Nunc</span> <span class='ocrx_word' id='word_1_12' title='bbox 418 432 618 483; x_wconf 89' lang='lat' dir='ltr'>urenda</span> <span class='ocrx_word' id='word_1_13' title='bbox 659 434 783 483; x_wconf 89' lang='lat' dir='ltr'>sunt</span> <span class='ocrx_word' id='word_1_14' title='bbox 820 449 1042 499; x_wconf 82' lang='lat' dir='ltr'>pascua,</span> <span class='ocrx_word' id='word_1_15' title='bbox 1083 434 1142 481; x_wconf 91' lang='lat' dir='ltr'>ut</span> <span class='ocrx_word' id='word_1_16' title='bbox 1182 435 1236 482; x_wconf 93' lang='lat' dir='ltr'>et</span> <span class='ocrx_word' id='word_1_17' title='bbox 1277 431 1510 482; x_wconf 88' lang='lat' dir='ltr'>altorum</span> <span class='ocrx_word' id='word_1_18' title='bbox 1544 429 1698 482; x_wconf 87' lang='lat' dir='ltr'>fruti·</span> <span class='ocrx_word' id='word_1_19' title='bbox 1757 429 1869 482; x_wconf 92' lang='lat' dir='ltr'>IIII</span> 
     </span>
    </p>
   </div>
   <div class='ocr_carea' id='block_1_7' title="bbox 109 503 1780 632">
    <p class='ocr_par' dir='ltr' id='par_1_7' title="bbox 109 503 1780 632">
     <span class='ocr_line' id='line_1_7' title="bbox 112 503 1780 573; baseline -0.002 -14"><span class='ocrx_word' id='word_1_20' title='bbox 112 525 233 560; x_wconf 88' lang='lat' dir='ltr'>cum</span> <span class='ocrx_word' id='word_1_21' title='bbox 273 505 550 558; x_wconf 71' lang='lat' dir='ltr'><strong>festinatio</strong></span> <span class='ocrx_word' id='word_1_22' title='bbox 591 504 913 573; x_wconf 78' lang='lat' dir='ltr'>reprimatur</span> <span class='ocrx_word' id='word_1_23' title='bbox 945 505 1013 556; x_wconf 90' lang='lat' dir='ltr'>ad</span> <span class='ocrx_word' id='word_1_24' title='bbox 1045 504 1240 572; x_wconf 89' lang='lat' dir='ltr'>stirpes</span> <span class='ocrx_word' id='word_1_25' title='bbox 1273 508 1327 555; x_wconf 90' lang='lat' dir='ltr'>et</span> <span class='ocrx_word' id='word_1_26' title='bbox 1359 503 1587 556; x_wconf 83' lang='lat' dir='ltr'>incensis</span> <span class='ocrx_word' id='word_1_27' title='bbox 1621 504 1780 556; x_wconf 88' lang='lat' dir='ltr'>aridis</span> 
     </span>
     <span class='ocr_line' id='line_1_8' title="bbox 109 579 989 632; baseline -0.002 0"><span class='ocrx_word' id='word_1_28' title='bbox 109 598 252 632; x_wconf 90' lang='lat' dir='ltr'>noua</span> <span class='ocrx_word' id='word_1_29' title='bbox 289 579 482 632; x_wconf 83' lang='lat' dir='ltr'>laetius</span> <span class='ocrx_word' id='word_1_30' title='bbox 523 579 690 631; x_wconf 91' lang='lat' dir='ltr'>herba</span> <span class='ocrx_word' id='word_1_31' title='bbox 729 579 989 631; x_wconf 90' lang='lat' dir='ltr'>succedat.</span> 
     </span>
    </p>
   </div>
   <div class='ocr_carea' id='block_1_8' title="bbox 733 797 1154 852">
    <p class='ocr_par' dir='ltr' id='par_1_8' title="bbox 733 797 1154 852">
     <span class='ocr_line' id='line_1_9' title="bbox 733 797 1154 852; baseline -0.002 -1"><span class='ocrx_word' id='word_1_32' title='bbox 733 799 828 851; x_wconf 86' lang='lat' dir='ltr'>DE</span> <span class='ocrx_word' id='word_1_33' title='bbox 870 797 1154 852; x_wconf 81' lang='lat' dir='ltr'><strong>HORTIS.</strong></span> 
     </span>
    </p>
   </div>
   <div class='ocr_carea' id='block_1_9' title="bbox 50 901 1867 1045">
    <p class='ocr_par' dir='ltr' id='par_1_9' title="bbox 50 901 1867 1045">
     <span class='ocr_line' id='line_1_10' title="bbox 219 901 1867 972; baseline 0 -17"><span class='ocrx_word' id='word_1_34' title='bbox 219 904 337 956; x_wconf 92' lang='lat' dir='ltr'>Hoc</span> <span class='ocrx_word' id='word_1_35' title='bbox 372 904 534 955; x_wconf 91' lang='lat' dir='ltr'>etiam</span> <span class='ocrx_word' id='word_1_36' title='bbox 569 921 747 955; x_wconf 90' lang='lat' dir='ltr'>mense</span> <span class='ocrx_word' id='word_1_37' title='bbox 780 903 972 955; x_wconf 86' lang='lat' dir='ltr'>ultimo</span> <span class='ocrx_word' id='word_1_38' title='bbox 1007 903 1159 956; x_wconf 86' lang='lat' dir='ltr'>siccis</span> <span class='ocrx_word' id='word_1_39' title='bbox 1192 903 1324 955; x_wconf 92' lang='lat' dir='ltr'>locis</span> <span class='ocrx_word' id='word_1_40' title='bbox 1358 921 1488 972; x_wconf 92' lang='lat' dir='ltr'>rapa</span> <span class='ocrx_word' id='word_1_41' title='bbox 1521 907 1574 955; x_wconf 92' lang='lat' dir='ltr'>et</span> <span class='ocrx_word' id='word_1_42' title='bbox 1606 921 1775 971; x_wconf 88' lang='lat' dir='ltr'>napus</span> <span class='ocrx_word' id='word_1_43' title='bbox 1816 901 1867 955; x_wconf 93' lang='lat' dir='ltr'><strong>V</strong></span> 
     </span>
     <span class='ocr_line' id='line_1_11' title="bbox 50 977 1778 1045; baseline -0.001 -16"><span class='ocrx_word' id='word_1_44' title='bbox 50 1038 53 1041; x_wconf 36' lang='grc'>,</span> <span class='ocrx_word' id='word_1_45' title='bbox 110 978 329 1029; x_wconf 88' lang='lat' dir='ltr'>serenda</span> <span class='ocrx_word' id='word_1_46' title='bbox 371 982 496 1029; x_wconf 86' lang='lat' dir='ltr'>sunt</span> <span class='ocrx_word' id='word_1_47' title='bbox 535 977 634 1030; x_wconf 90' lang='lat' dir='ltr'>hac</span> <span class='ocrx_word' id='word_1_48' title='bbox 670 977 894 1045; x_wconf 78' lang='lat' dir='ltr'>ratione,</span> <span class='ocrx_word' id='word_1_49' title='bbox 937 996 1040 1045; x_wconf 89' lang='lat' dir='ltr'>qua</span> <span class='ocrx_word' id='word_1_50' title='bbox 1072 977 1273 1029; x_wconf 90' lang='lat' dir='ltr'>dictum</span> <span class='ocrx_word' id='word_1_51' title='bbox 1307 980 1402 1029; x_wconf 90' lang='lat' dir='ltr'>est.</span> <span class='ocrx_word' id='word_1_52' title='bbox 1463 977 1565 1028; x_wconf 89' lang='lat' dir='ltr'>hoc</span> <span class='ocrx_word' id='word_1_53' title='bbox 1601 995 1778 1029; x_wconf 89' lang='lat' dir='ltr'>mense</span> 
     </span>
    </p>
   </div>
   <div class='ocr_carea' id='block_1_10' title="bbox 104 1050 1779 2225">
    <p class='ocr_par' dir='ltr' id='par_1_10' title="bbox 104 1050 1779 2225">
     <span class='ocr_line' id='line_1_12' title="bbox 108 1050 1777 1118; baseline 0 -16"><span class='ocrx_word' id='word_1_54' title='bbox 108 1052 304 1103; x_wconf 88' lang='lat' dir='ltr'>ultimo</span> <span class='ocrx_word' id='word_1_55' title='bbox 344 1052 477 1103; x_wconf 91' lang='lat' dir='ltr'>locis</span> <span class='ocrx_word' id='word_1_56' title='bbox 521 1051 833 1103; x_wconf 87' lang='lat' dir='ltr'>siccioribus</span> <span class='ocrx_word' id='word_1_57' title='bbox 875 1052 1076 1102; x_wconf 75' lang='lat' dir='ltr'>radic-es</span> <span class='ocrx_word' id='word_1_58' title='bbox 1119 1055 1382 1118; x_wconf 84' lang='lat' dir='ltr'>seruntur,</span> <span class='ocrx_word' id='word_1_59' title='bbox 1429 1069 1562 1118; x_wconf 89' lang='lat' dir='ltr'>quae</span> <span class='ocrx_word' id='word_1_60' title='bbox 1602 1050 1777 1103; x_wconf 90' lang='lat' dir='ltr'>hieme</span> 
     </span>
     <span class='ocr_line' id='line_1_13' title="bbox 110 1124 1778 1194; baseline 0 -18"><span class='ocrx_word' id='word_1_61' title='bbox 110 1126 192 1176; x_wconf 87' lang='lat' dir='ltr'>sui</span> <span class='ocrx_word' id='word_1_62' title='bbox 227 1143 384 1177; x_wconf 91' lang='lat' dir='ltr'>usum</span> <span class='ocrx_word' id='word_1_63' title='bbox 411 1124 730 1176; x_wconf 70' lang='lat' dir='ltr'>ministrent.</span> <span class='ocrx_word' id='word_1_64' title='bbox 789 1129 972 1176; x_wconf 86' lang='lat' dir='ltr'>amant</span> <span class='ocrx_word' id='word_1_65' title='bbox 1006 1130 1207 1176; x_wconf 86' lang='lat' dir='ltr'>terram</span> <span class='ocrx_word' id='word_1_66' title='bbox 1239 1125 1508 1194; x_wconf 83' lang='lat' dir='ltr'>pinguem,</span> <span class='ocrx_word' id='word_1_67' title='bbox 1544 1125 1778 1176; x_wconf 91' lang='lat' dir='ltr'>solutam</span> 
     </span>
     <span class='ocr_line' id='line_1_14' title="bbox 111 1198 1778 1268; baseline 0 -19"><span class='ocrx_word' id='word_1_68' title='bbox 111 1204 163 1250; x_wconf 87' lang='lat' dir='ltr'>et</span> <span class='ocrx_word' id='word_1_69' title='bbox 197 1199 286 1250; x_wconf 90' lang='lat' dir='ltr'>diu</span> <span class='ocrx_word' id='word_1_70' title='bbox 320 1199 614 1265; x_wconf 80' lang='lat' dir='ltr'>subactam,</span> <span class='ocrx_word' id='word_1_71' title='bbox 648 1199 860 1266; x_wconf 86' lang='lat' dir='ltr'>qualem</span> <span class='ocrx_word' id='word_1_72' title='bbox 886 1217 1025 1267; x_wconf 87' lang='lat' dir='ltr'>rapa.</span> <span class='ocrx_word' id='word_1_73' title='bbox 1073 1199 1247 1250; x_wconf 87' lang='lat' dir='ltr'>tofum</span> <span class='ocrx_word' id='word_1_74' title='bbox 1273 1203 1327 1250; x_wconf 90' lang='lat' dir='ltr'>et</span> <span class='ocrx_word' id='word_1_75' title='bbox 1353 1199 1592 1268; x_wconf 83' lang='lat' dir='ltr'>glaream</span> <span class='ocrx_word' id='word_1_76' title='bbox 1617 1198 1778 1250; x_wconf 86' lang='lat' dir='ltr'>refor-</span> 
     </span>
     <span class='ocr_line' id='line_1_15' title="bbox 109 1272 1778 1342; baseline -0.001 -18"><span class='ocrx_word' id='word_1_77' title='bbox 109 1273 328 1324; x_wconf 89' lang='lat' dir='ltr'>midant.</span> <span class='ocrx_word' id='word_1_78' title='bbox 395 1272 629 1342; x_wconf 79' lang='lat' dir='ltr'>gaudent</span> <span class='ocrx_word' id='word_1_79' title='bbox 669 1272 801 1324; x_wconf 89' lang='lat' dir='ltr'>caeli</span> <span class='ocrx_word' id='word_1_80' title='bbox 843 1275 988 1323; x_wconf 87' lang='lat' dir='ltr'>statu</span> <span class='ocrx_word' id='word_1_81' title='bbox 1018 1273 1294 1324; x_wconf 88' lang='lat' dir='ltr'>nebuloso.</span> <span class='ocrx_word' id='word_1_82' title='bbox 1367 1272 1617 1324; x_wconf 84' lang='lat' dir='ltr'>serendae</span> <span class='ocrx_word' id='word_1_83' title='bbox 1652 1275 1778 1323; x_wconf 92' lang='lat' dir='ltr'>sunt</span> 
     </span>
     <span class='ocr_line' id='line_1_16' title="bbox 109 1345 1779 1428; baseline -0.001 -30"><span class='ocrx_word' id='word_1_84' title='bbox 109 1347 297 1428; x_wconf 77' lang='lat' dir='ltr'>spatiis</span> <span class='ocrx_word' id='word_1_85' title='bbox 340 1346 632 1415; x_wconf 89' lang='lat' dir='ltr'>grandibus</span> <span class='ocrx_word' id='word_1_86' title='bbox 673 1350 726 1397; x_wconf 97' lang='grc'>01</span> <span class='ocrx_word' id='word_1_87' title='bbox 767 1346 872 1397; x_wconf 88' lang='grc'>3110</span> <span class='ocrx_word' id='word_1_88' title='bbox 914 1346 1089 1398; x_wconf 84' lang='lat' dir='ltr'>fossis.</span> <span class='ocrx_word' id='word_1_89' title='bbox 1165 1345 1413 1398; x_wconf 88' lang='lat' dir='ltr'>meliores</span> <span class='ocrx_word' id='word_1_90' title='bbox 1454 1347 1779 1428; x_wconf 80' lang='lat' dir='ltr'>proueniunt</span> 
     </span>
     <span class='ocr_line' id='line_1_17' title="bbox 108 1418 1777 1488; baseline -0.001 -17"><span class='ocrx_word' id='word_1_91' title='bbox 108 1420 164 1471; x_wconf 92' lang='lat' dir='ltr'>in</span> <span class='ocrx_word' id='word_1_92' title='bbox 202 1419 431 1472; x_wconf 83' lang='lat' dir='ltr'>harenis</span> <span class='ocrx_word' id='word_1_93' title='bbox 511 1423 756 1472; x_wconf 89' lang='lat' dir='ltr'>serantur</span> <span class='ocrx_word' id='word_1_94' title='bbox 795 1424 921 1488; x_wconf 89' lang='lat' dir='ltr'>post</span> <span class='ocrx_word' id='word_1_95' title='bbox 960 1438 1158 1472; x_wconf 87' lang='lat' dir='ltr'>nouam</span> <span class='ocrx_word' id='word_1_96' title='bbox 1196 1420 1453 1488; x_wconf 67' lang='lat' dir='ltr'>plumam,</span> <span class='ocrx_word' id='word_1_97' title='bbox 1493 1419 1598 1471; x_wconf 86' lang='lat' dir='ltr'>nisi</span> <span class='ocrx_word' id='word_1_98' title='bbox 1637 1418 1777 1471; x_wconf 87' lang='lat' dir='ltr'>forte</span> 
     </span>
     <span class='ocr_line' id='line_1_18' title="bbox 107 1492 1778 1562; baseline -0.001 -17"><span class='ocrx_word' id='word_1_99' title='bbox 107 1494 319 1562; x_wconf 87' lang='lat' dir='ltr'>possint</span> <span class='ocrx_word' id='word_1_100' title='bbox 358 1494 537 1562; x_wconf 82' lang='lat' dir='ltr'>rigari.</span> <span class='ocrx_word' id='word_1_101' title='bbox 617 1494 757 1561; x_wconf 89' lang='lat' dir='ltr'>quod</span> <span class='ocrx_word' id='word_1_102' title='bbox 799 1498 976 1546; x_wconf 89' lang='lat' dir='ltr'>satum</span> <span class='ocrx_word' id='word_1_103' title='bbox 1019 1497 1115 1550; x_wconf 86' lang='grc'>031</span> <span class='ocrx_word' id='word_1_104' title='bbox 1157 1495 1344 1545; x_wconf 87' lang='grc'>31311111</span> <span class='ocrx_word' id='word_1_105' title='bbox 1385 1494 1542 1545; x_wconf 87' lang='lat' dir='ltr'>debet</span> <span class='ocrx_word' id='word_1_106' title='bbox 1582 1492 1778 1561; x_wconf 88' lang='lat' dir='ltr'>operiri</span> 
     </span>
     <span class='ocr_line' id='line_1_19' title="bbox 107 1567 1778 1635; baseline 0 -17"><span class='ocrx_word' id='word_1_107' title='bbox 107 1568 212 1618; x_wconf 92' lang='lat' dir='ltr'>leui</span> <span class='ocrx_word' id='word_1_108' title='bbox 263 1567 484 1619; x_wconf 90' lang='lat' dir='ltr'>sarculo.</span> <span class='ocrx_word' id='word_1_109' title='bbox 559 1567 806 1635; x_wconf 87' lang='lat' dir='ltr'>iugerum</span> <span class='ocrx_word' id='word_1_110' title='bbox 855 1568 957 1619; x_wconf 92' lang='lat' dir='ltr'>duo</span> <span class='ocrx_word' id='word_1_111' title='bbox 1006 1567 1227 1619; x_wconf 85' lang='lat' dir='ltr'>sextarii</span> <span class='ocrx_word' id='word_1_112' title='bbox 1273 1568 1382 1634; x_wconf 79' lang='grc'>1101,</span> <span class='ocrx_word' id='word_1_113' title='bbox 1438 1571 1498 1618; x_wconf 85' lang='grc'>111</span> <span class='ocrx_word' id='word_1_114' title='bbox 1547 1567 1778 1635; x_wconf 77' lang='lat' dir='ltr'>quidam,</span> 
     </span>
     <span class='ocr_line' id='line_1_20' title="bbox 108 1640 1777 1709; baseline 0 -17"><span class='ocrx_word' id='word_1_115' title='bbox 108 1644 386 1709; x_wconf 85' lang='lat' dir='ltr'>quattuor,</span> <span class='ocrx_word' id='word_1_116' title='bbox 442 1660 562 1694; x_wconf 90' lang='grc'>011111</span> <span class='ocrx_word' id='word_1_117' title='bbox 612 1645 882 1709; x_wconf 84' lang='grc'>30111111111,</span> <span class='ocrx_word' id='word_1_118' title='bbox 930 1640 1150 1709; x_wconf 86' lang='lat' dir='ltr'>inplent.</span> <span class='ocrx_word' id='word_1_119' title='bbox 1226 1641 1494 1693; x_wconf 91' lang='lat' dir='ltr'>laetamen</span> <span class='ocrx_word' id='word_1_120' title='bbox 1539 1659 1646 1692; x_wconf 92' lang='lat' dir='ltr'>non</span> <span class='ocrx_word' id='word_1_121' title='bbox 1695 1645 1777 1693; x_wconf 92' lang='lat' dir='ltr'>est</span> 
     </span>
     <span class='ocr_line' id='line_1_21' title="bbox 106 1714 1775 1784; baseline 0 -18"><span class='ocrx_word' id='word_1_122' title='bbox 106 1715 479 1784; x_wconf 77' lang='lat' dir='ltr'>ingerendum,</span> <span class='ocrx_word' id='word_1_123' title='bbox 535 1715 626 1767; x_wconf 89' lang='lat' dir='ltr'>sed</span> <span class='ocrx_word' id='word_1_124' title='bbox 680 1714 860 1783; x_wconf 92' lang='lat' dir='ltr'>potius</span> <span class='ocrx_word' id='word_1_125' title='bbox 909 1715 1116 1783; x_wconf 76' lang='lat' dir='ltr'>paleae,</span> <span class='ocrx_word' id='word_1_126' title='bbox 1172 1715 1297 1782; x_wconf 90' lang='lat' dir='ltr'>quia</span> <span class='ocrx_word' id='word_1_127' title='bbox 1345 1715 1466 1766; x_wconf 87' lang='lat' dir='ltr'>inde</span> <span class='ocrx_word' id='word_1_128' title='bbox 1514 1714 1775 1784; x_wconf 85' lang='lat' dir='ltr'>fungosae</span> 
     </span>
     <span class='ocr_line' id='line_1_22' title="bbox 107 1787 1777 1856; baseline -0.001 -16"><span class='ocrx_word' id='word_1_129' title='bbox 107 1791 244 1840; x_wconf 87' lang='lat' dir='ltr'>sunt.</span> <span class='ocrx_word' id='word_1_130' title='bbox 324 1789 599 1840; x_wconf 91' lang='lat' dir='ltr'>suauiores</span> <span class='ocrx_word' id='word_1_131' title='bbox 646 1789 806 1856; x_wconf 84' lang='lat' dir='ltr'>fiunt,</span> <span class='ocrx_word' id='word_1_132' title='bbox 862 1789 907 1840; x_wconf 89' lang='lat' dir='ltr'>si</span> <span class='ocrx_word' id='word_1_133' title='bbox 956 1807 1043 1840; x_wconf 88' lang='lat' dir='ltr'>eas</span> <span class='ocrx_word' id='word_1_134' title='bbox 1095 1807 1232 1856; x_wconf 85' lang='lat' dir='ltr'>aqua</span> <span class='ocrx_word' id='word_1_135' title='bbox 1281 1789 1423 1840; x_wconf 89' lang='lat' dir='ltr'>salsa</span> <span class='ocrx_word' id='word_1_136' title='bbox 1469 1787 1777 1856; x_wconf 85' lang='lat' dir='ltr'>frequenter</span> 
     </span>
     <span class='ocr_line' id='line_1_23' title="bbox 106 1861 1775 1931; baseline 0 -18"><span class='ocrx_word' id='word_1_137' title='bbox 106 1880 376 1931; x_wconf 77' lang='lat' dir='ltr'>aspergas,</span> <span class='ocrx_word' id='word_1_138' title='bbox 459 1861 664 1915; x_wconf 85' lang='lat' dir='ltr'>radices</span> <span class='ocrx_word' id='word_1_139' title='bbox 720 1863 986 1914; x_wconf 86' lang='lat' dir='ltr'>feminini·</span> <span class='ocrx_word' id='word_1_140' title='bbox 1020 1863 1229 1931; x_wconf 86' lang='lat' dir='ltr'>generis</span> <span class='ocrx_word' id='word_1_141' title='bbox 1289 1866 1574 1931; x_wconf 75' lang='lat' dir='ltr'>putantur,</span> <span class='ocrx_word' id='word_1_142' title='bbox 1641 1880 1775 1930; x_wconf 88' lang='lat' dir='ltr'>quae</span> 
     </span>
     <span class='ocr_line' id='line_1_24' title="bbox 105 1935 1777 2000; baseline 0.001 -14"><span class='ocrx_word' id='word_1_143' title='bbox 105 1935 281 1988; x_wconf 93' lang='lat' dir='ltr'>minus</span> <span class='ocrx_word' id='word_1_144' title='bbox 339 1954 486 1988; x_wconf 88' lang='lat' dir='ltr'>acres</span> <span class='ocrx_word' id='word_1_145' title='bbox 543 1940 667 1988; x_wconf 88' lang='lat' dir='ltr'>sunt</span> <span class='ocrx_word' id='word_1_146' title='bbox 723 1940 776 1988; x_wconf 92' lang='lat' dir='ltr'>et</span> <span class='ocrx_word' id='word_1_147' title='bbox 830 1937 1031 1988; x_wconf 87' lang='lat' dir='ltr'>habent</span> <span class='ocrx_word' id='word_1_148' title='bbox 1084 1935 1215 1988; x_wconf 85' lang='lat' dir='ltr'>folia</span> <span class='ocrx_word' id='word_1_149' title='bbox 1261 1936 1478 2000; x_wconf 85' lang='lat' dir='ltr'>latiora,</span> <span class='ocrx_word' id='word_1_150' title='bbox 1534 1935 1675 1987; x_wconf 90' lang='lat' dir='ltr'>leuia</span> <span class='ocrx_word' id='word_1_151' title='bbox 1723 1939 1777 1988; x_wconf 90' lang='lat' dir='ltr'>et</span> 
     </span>
     <span class='ocr_line' id='line_1_25' title="bbox 106 2009 1776 2079; baseline -0.001 -19"><span class='ocrx_word' id='word_1_152' title='bbox 106 2026 226 2060; x_wconf 90' lang='lat' dir='ltr'>cum</span> <span class='ocrx_word' id='word_1_153' title='bbox 265 2010 596 2062; x_wconf 86' lang='lat' dir='ltr'>iucunditate</span> <span class='ocrx_word' id='word_1_154' title='bbox 637 2010 883 2062; x_wconf 86' lang='lat' dir='ltr'>uirentia.</span> <span class='ocrx_word' id='word_1_155' title='bbox 948 2028 1009 2061; x_wconf 85' lang='lat' dir='ltr'>ex</span> <span class='ocrx_word' id='word_1_156' title='bbox 1044 2010 1128 2061; x_wconf 86' lang='lat' dir='ltr'>his</span> <span class='ocrx_word' id='word_1_157' title='bbox 1163 2027 1289 2079; x_wconf 86' lang='lat' dir='ltr'>ergo</span> <span class='ocrx_word' id='word_1_158' title='bbox 1325 2009 1530 2061; x_wconf 87' lang='lat' dir='ltr'>semina</span> <span class='ocrx_word' id='word_1_159' title='bbox 1563 2010 1776 2078; x_wconf 86' lang='lat' dir='ltr'>collige-</span> 
     </span>
     <span class='ocr_line' id='line_1_26' title="bbox 104 2083 1774 2152; baseline 0.001 -18"><span class='ocrx_word' id='word_1_160' title='bbox 104 2101 236 2135; x_wconf 89' lang='lat' dir='ltr'>mus.</span> <span class='ocrx_word' id='word_1_161' title='bbox 316 2084 544 2136; x_wconf 87' lang='lat' dir='ltr'>maiores</span> <span class='ocrx_word' id='word_1_162' title='bbox 598 2084 715 2136; x_wconf 89' lang='lat' dir='ltr'>fieri</span> <span class='ocrx_word' id='word_1_163' title='bbox 770 2085 1081 2152; x_wconf 82' lang='lat' dir='ltr'>creduntur⁷</span> <span class='ocrx_word' id='word_1_164' title='bbox 1136 2084 1180 2135; x_wconf 89' lang='lat' dir='ltr'>si</span> <span class='ocrx_word' id='word_1_165' title='bbox 1238 2083 1467 2135; x_wconf 87' lang='lat' dir='ltr'>sublatis</span> <span class='ocrx_word' id='word_1_166' title='bbox 1525 2083 1774 2135; x_wconf 90' lang='lat' dir='ltr'>omnibus</span> 
     </span>
     <span class='ocr_line' id='line_1_27' title="bbox 104 2156 1777 2225; baseline 0 -17"><span class='ocrx_word' id='word_1_167' title='bbox 104 2156 248 2209; x_wconf 85' lang='lat' dir='ltr'>foliis</span> <span class='ocrx_word' id='word_1_168' title='bbox 290 2161 344 2209; x_wconf 87' lang='lat' dir='ltr'>et</span> <span class='ocrx_word' id='word_1_169' title='bbox 377 2157 492 2210; x_wconf 92' lang='lat' dir='ltr'>solo</span> <span class='ocrx_word' id='word_1_170' title='bbox 527 2158 676 2210; x_wconf 88' lang='lat' dir='ltr'>tenui</span> <span class='ocrx_word' id='word_1_171' title='bbox 711 2158 863 2210; x_wconf 89' lang='lat' dir='ltr'>caule</span> <span class='ocrx_word' id='word_1_172' title='bbox 897 2157 1116 2209; x_wconf 86' lang='lat' dir='ltr'>dimisso</span> <span class='ocrx_word' id='word_1_173' title='bbox 1152 2176 1318 2225; x_wconf 88' lang='lat' dir='ltr'>saepe·</span> <span class='ocrx_word' id='word_1_174' title='bbox 1343 2157 1501 2208; x_wconf 87' lang='lat' dir='ltr'>terris</span> <span class='ocrx_word' id='word_1_175' title='bbox 1537 2157 1777 2224; x_wconf 90' lang='lat' dir='ltr'>operian-</span> 
     </span>
    </p>
   </div>
   <div class='ocr_carea' id='block_1_11' title="bbox 97 2375 1773 2964">
    <p class='ocr_par' dir='ltr' id='par_1_11' title="bbox 97 2375 1773 2964">
     <span class='ocr_line' id='line_1_28' title="bbox 223 2375 1773 2433; baseline -0.001 -14"><span class='ocrx_word' id='word_1_176' title='bbox 223 2380 246 2418; x_wconf 83' lang='lat'><strong>2</strong></span> <span class='ocrx_word' id='word_1_177' title='bbox 280 2375 408 2419; x_wconf 87' lang='lat' dir='ltr'>Tunc</span> <span class='ocrx_word' id='word_1_178' title='bbox 432 2376 482 2419; x_wconf 91' lang='grc' dir='ltr'><em>Ε</em></span> <span class='ocrx_word' id='word_1_179' title='bbox 507 2378 512 2433; x_wconf 81' lang='grc' dir='ltr'>Ι</span> <span class='ocrx_word' id='word_1_180' title='bbox 542 2379 649 2419; x_wconf 91' lang='lat' dir='ltr'>sunt</span> <span class='ocrx_word' id='word_1_181' title='bbox 682 2376 812 2419; x_wconf 82' lang='lat' dir='ltr'>arida</span> <span class='ocrx_word' id='word_1_182' title='bbox 836 2391 872 2432; x_wconf 74' lang='lat' dir='ltr'>p</span> <span class='ocrx_word' id='word_1_183' title='bbox 900 2378 904 2433; x_wconf 84' lang='lat' dir='ltr'>l</span> <span class='ocrx_word' id='word_1_184' title='bbox 934 2379 985 2419; x_wconf 89' lang='lat' dir='ltr'>ut</span> <span class='ocrx_word' id='word_1_185' title='bbox 1018 2390 1097 2420; x_wconf 82' lang='lat' dir='ltr'>om.</span> <span class='ocrx_word' id='word_1_186' title='bbox 1125 2377 1175 2419; x_wconf 90' lang='lat' dir='ltr'><strong><em>E</em></strong></span> <span class='ocrx_word' id='word_1_187' title='bbox 1200 2378 1204 2433; x_wconf 76' lang='grc' dir='ltr'>Ι</span> <span class='ocrx_word' id='word_1_188' title='bbox 1235 2376 1432 2419; x_wconf 89' lang='lat' dir='ltr'>alterum</span> <span class='ocrx_word' id='word_1_189' title='bbox 1461 2376 1553 2433; x_wconf 71' lang='lat' dir='ltr'>QG</span> <span class='ocrx_word' id='word_1_190' title='bbox 1580 2378 1585 2433; x_wconf 83' lang='lat' dir='ltr'>l</span> <span class='ocrx_word' id='word_1_191' title='bbox 1614 2375 1773 2418; x_wconf 78' lang='lat' dir='ltr'>fructi-</span> 
     </span>
     <span class='ocr_line' id='line_1_29' title="bbox 104 2434 1768 2492; baseline 0.001 -16"><span class='ocrx_word' id='word_1_192' title='bbox 104 2448 207 2477; x_wconf 85' lang='lat' dir='ltr'>cum</span> <span class='ocrx_word' id='word_1_193' title='bbox 238 2435 288 2477; x_wconf 87' lang='lat' dir='ltr'><em>E</em></span> <span class='ocrx_word' id='word_1_194' title='bbox 331 2437 344 2490; x_wconf 81' lang='grc' dir='ltr'>ΙΙ</span> <span class='ocrx_word' id='word_1_195' title='bbox 391 2439 416 2476; x_wconf 89' lang='lat'><strong>3</strong></span> <span class='ocrx_word' id='word_1_196' title='bbox 451 2435 511 2478; x_wconf 91' lang='lat' dir='ltr'>ad</span> <span class='ocrx_word' id='word_1_197' title='bbox 544 2435 708 2491; x_wconf 88' lang='lat' dir='ltr'>stirpes</span> <span class='ocrx_word' id='word_1_198' title='bbox 743 2450 822 2479; x_wconf 84' lang='lat' dir='ltr'>om.</span> <span class='ocrx_word' id='word_1_199' title='bbox 844 2450 879 2490; x_wconf 74' lang='lat' dir='ltr'>p</span> <span class='ocrx_word' id='word_1_200' title='bbox 916 2438 930 2491; x_wconf 84' lang='grc' dir='ltr'>ΙΙ</span> <span class='ocrx_word' id='word_1_201' title='bbox 973 2442 1000 2479; x_wconf 88' lang='lat'>4</span> <span class='ocrx_word' id='word_1_202' title='bbox 1030 2435 1176 2478; x_wconf 89' lang='lat' dir='ltr'>lacius</span> <span class='ocrx_word' id='word_1_203' title='bbox 1210 2436 1259 2478; x_wconf 89' lang='lat' dir='ltr'><em>F</em></span> <span class='ocrx_word' id='word_1_204' title='bbox 1298 2437 1302 2492; x_wconf 86' lang='grc' dir='ltr'>Ι</span> <span class='ocrx_word' id='word_1_205' title='bbox 1345 2435 1491 2478; x_wconf 86' lang='lat' dir='ltr'>herba</span> <span class='ocrx_word' id='word_1_206' title='bbox 1524 2448 1606 2479; x_wconf 81' lang='lat' dir='ltr'>om.</span> <span class='ocrx_word' id='word_1_207' title='bbox 1633 2449 1728 2490; x_wconf 73' lang='grc'>(109</span> <span class='ocrx_word' id='word_1_208' title='bbox 1764 2434 1768 2488; x_wconf 74' lang='lat' dir='ltr'>l</span> 
     </span>
     <span class='ocr_line' id='line_1_30' title="bbox 105 2493 1772 2551; baseline 0 -16"><span class='ocrx_word' id='word_1_209' title='bbox 105 2493 356 2536; x_wconf 82' lang='lat' dir='ltr'>succedant</span> <span class='ocrx_word' id='word_1_210' title='bbox 387 2508 482 2550; x_wconf 73' lang='lat' dir='ltr'>acy</span> <span class='ocrx_word' id='word_1_211' title='bbox 521 2496 534 2550; x_wconf 83' lang='grc' dir='ltr'>ΙΙ</span> <span class='ocrx_word' id='word_1_212' title='bbox 574 2500 598 2537; x_wconf 88' lang='grc'><strong>6</strong></span> <span class='ocrx_word' id='word_1_213' title='bbox 631 2495 795 2537; x_wconf 89' lang='lat' dir='ltr'>ultimo</span> <span class='ocrx_word' id='word_1_214' title='bbox 829 2508 908 2538; x_wconf 84' lang='lat' dir='ltr'>om.</span> <span class='ocrx_word' id='word_1_215' title='bbox 930 2509 965 2549; x_wconf 75' lang='lat' dir='ltr'>p</span> <span class='ocrx_word' id='word_1_216' title='bbox 1007 2496 1011 2550; x_wconf 77' lang='grc' dir='ltr'>Ι</span> <span class='ocrx_word' id='word_1_217' title='bbox 1053 2508 1177 2551; x_wconf 89' lang='lat' dir='ltr'>napa</span> <span class='ocrx_word' id='word_1_218' title='bbox 1209 2496 1255 2537; x_wconf 92' lang='lat' dir='ltr'>et</span> <span class='ocrx_word' id='word_1_219' title='bbox 1284 2508 1433 2550; x_wconf 89' lang='lat' dir='ltr'>napus</span> <span class='ocrx_word' id='word_1_220' title='bbox 1467 2494 1516 2537; x_wconf 85' lang='lat' dir='ltr'><strong><em>E</em></strong></span> <span class='ocrx_word' id='word_1_221' title='bbox 1551 2496 1565 2549; x_wconf 80' lang='grc' dir='ltr'>ΙΙ</span> <span class='ocrx_word' id='word_1_222' title='bbox 1606 2499 1628 2536; x_wconf 85' lang='grc'>7</span> <span class='ocrx_word' id='word_1_223' title='bbox 1664 2495 1772 2536; x_wconf 85' lang='grc'>31110</span> 
     </span>
     <span class='ocr_line' id='line_1_31' title="bbox 106 2551 1772 2611; baseline 0 -17"><span class='ocrx_word' id='word_1_224' title='bbox 106 2551 282 2595; x_wconf 88' lang='lat' dir='ltr'>dictum</span> <span class='ocrx_word' id='word_1_225' title='bbox 314 2554 384 2595; x_wconf 88' lang='grc'>031</span> <span class='ocrx_word' id='word_1_226' title='bbox 415 2567 493 2606; x_wconf 78' lang='lat' dir='ltr'>as,</span> <span class='ocrx_word' id='word_1_227' title='bbox 527 2554 675 2611; x_wconf 88' lang='lat' dir='ltr'>[ante]</span> <span class='ocrx_word' id='word_1_228' title='bbox 710 2554 884 2596; x_wconf 87' lang='lat' dir='ltr'>dictum</span> <span class='ocrx_word' id='word_1_229' title='bbox 917 2556 986 2596; x_wconf 90' lang='lat' dir='ltr'>est</span> <span class='ocrx_word' id='word_1_230' title='bbox 1017 2568 1075 2610; x_wconf 75' lang='lat'>09</span> <span class='ocrx_word' id='word_1_231' title='bbox 1113 2556 1126 2610; x_wconf 78' lang='grc' dir='ltr'>ΙΙ</span> <span class='ocrx_word' id='word_1_232' title='bbox 1167 2559 1190 2596; x_wconf 89' lang='grc'>9</span> <span class='ocrx_word' id='word_1_233' title='bbox 1222 2552 1446 2609; x_wconf 86' lang='lat' dir='ltr'>pinguem</span> <span class='ocrx_word' id='word_1_234' title='bbox 1477 2555 1649 2595; x_wconf 88' lang='lat' dir='ltr'>terram</span> <span class='ocrx_word' id='word_1_235' title='bbox 1681 2553 1730 2594; x_wconf 87' lang='lat' dir='ltr'><em>E</em></span> <span class='ocrx_word' id='word_1_236' title='bbox 1757 2552 1772 2610; x_wconf 72' lang='grc' dir='ltr'>Η</span> 
     </span>
     <span class='ocr_line' id='line_1_32' title="bbox 106 2611 1771 2668; baseline -0.001 -14"><span class='ocrx_word' id='word_1_237' title='bbox 106 2616 158 2654; x_wconf 92' lang='grc'>10</span> <span class='ocrx_word' id='word_1_238' title='bbox 214 2613 261 2654; x_wconf 84' lang='grc'>01</span> <span class='ocrx_word' id='word_1_239' title='bbox 307 2617 408 2654; x_wconf 73' lang='lat' dir='ltr'>ante</span> <span class='ocrx_word' id='word_1_240' title='bbox 456 2611 536 2654; x_wconf 88' lang='lat' dir='ltr'>diu</span> <span class='ocrx_word' id='word_1_241' title='bbox 583 2626 662 2656; x_wconf 80' lang='lat' dir='ltr'>om.</span> <span class='ocrx_word' id='word_1_242' title='bbox 704 2613 805 2656; x_wconf 87' lang='lat' dir='ltr'>EG</span> <span class='ocrx_word' id='word_1_243' title='bbox 855 2614 859 2668; x_wconf 70' lang='lat'>1</span> <span class='ocrx_word' id='word_1_244' title='bbox 910 2612 1121 2668; x_wconf 89' lang='lat' dir='ltr'>Tophum</span> <span class='ocrx_word' id='word_1_245' title='bbox 1167 2613 1210 2655; x_wconf 92' lang='lat' dir='ltr'><strong><em>V</em></strong></span> <span class='ocrx_word' id='word_1_246' title='bbox 1251 2614 1264 2668; x_wconf 83' lang='grc' dir='ltr'>Η</span> <span class='ocrx_word' id='word_1_247' title='bbox 1314 2617 1367 2655; x_wconf 85' lang='grc'>14</span> <span class='ocrx_word' id='word_1_248' title='bbox 1420 2611 1600 2667; x_wconf 85' lang='lat' dir='ltr'>possint</span> <span class='ocrx_word' id='word_1_249' title='bbox 1653 2611 1771 2654; x_wconf 87' lang='lat' dir='ltr'>forte</span> 
     </span>
     <span class='ocr_line' id='line_1_33' title="bbox 102 2670 1773 2728; baseline 0.001 -15"><span class='ocrx_word' id='word_1_250' title='bbox 102 2672 255 2727; x_wconf 74' lang='lat' dir='ltr'>iacys</span> <span class='ocrx_word' id='word_1_251' title='bbox 312 2673 317 2726; x_wconf 86' lang='grc' dir='ltr'>Ι</span> <span class='ocrx_word' id='word_1_252' title='bbox 374 2670 523 2726; x_wconf 88' lang='lat' dir='ltr'>possit</span> <span class='ocrx_word' id='word_1_253' title='bbox 573 2672 614 2715; x_wconf 84' lang='lat' dir='ltr'><em>T</em></span> <span class='ocrx_word' id='word_1_254' title='bbox 661 2674 675 2728; x_wconf 75' lang='grc' dir='ltr'>ΙΙ</span> <span class='ocrx_word' id='word_1_255' title='bbox 730 2676 782 2714; x_wconf 88' lang='grc'>16</span> <span class='ocrx_word' id='word_1_256' title='bbox 816 2671 1060 2727; x_wconf 89' lang='lat' dir='ltr'>inplebunt</span> <span class='ocrx_word' id='word_1_257' title='bbox 1106 2671 1399 2727; x_wconf 84' lang='lat' dir='ltr'>(implebunt)</span> <span class='ocrx_word' id='word_1_258' title='bbox 1447 2672 1465 2713; x_wconf 70' lang='lat' dir='ltr'>i</span> <span class='ocrx_word' id='word_1_259' title='bbox 1511 2676 1551 2714; x_wconf 75' lang='lat' dir='ltr'>et</span> <span class='ocrx_word' id='word_1_260' title='bbox 1604 2671 1773 2714; x_wconf 73' lang='lat' dir='ltr'>codices</span> 
     </span>
     <span class='ocr_line' id='line_1_34' title="bbox 97 2729 1767 2787; baseline -0.001 -15"><span class='ocrx_word' id='word_1_261' title='bbox 97 2734 277 2784; x_wconf 71' lang='lat' dir='ltr'>praeter</span> <span class='ocrx_word' id='word_1_262' title='bbox 328 2729 369 2773; x_wconf 94' lang='lat' dir='ltr'><em>G</em></span> <span class='ocrx_word' id='word_1_263' title='bbox 420 2731 433 2785; x_wconf 80' lang='grc' dir='ltr'>Η</span> <span class='ocrx_word' id='word_1_264' title='bbox 489 2734 541 2772; x_wconf 82' lang='grc'>18</span> <span class='ocrx_word' id='word_1_265' title='bbox 590 2730 688 2774; x_wconf 89' lang='grc'>3013</span> <span class='ocrx_word' id='word_1_266' title='bbox 727 2744 814 2786; x_wconf 71' lang='lat' dir='ltr'>pro</span> <span class='ocrx_word' id='word_1_267' title='bbox 861 2730 983 2773; x_wconf 88' lang='lat' dir='ltr'>salsa</span> <span class='ocrx_word' id='word_1_268' title='bbox 1023 2745 1059 2786; x_wconf 77' lang='lat' dir='ltr'>p</span> <span class='ocrx_word' id='word_1_269' title='bbox 1112 2732 1125 2786; x_wconf 81' lang='grc' dir='ltr'>Η</span> <span class='ocrx_word' id='word_1_270' title='bbox 1180 2735 1234 2773; x_wconf 82' lang='lat'>20</span> <span class='ocrx_word' id='word_1_271' title='bbox 1284 2732 1551 2773; x_wconf 89' lang='lat' dir='ltr'>accrescunt</span> <span class='ocrx_word' id='word_1_272' title='bbox 1599 2731 1644 2772; x_wconf 86' lang='lat' dir='ltr'>et</span> <span class='ocrx_word' id='word_1_273' title='bbox 1691 2743 1719 2784; x_wconf 77' lang='lat' dir='ltr'>p</span> <span class='ocrx_word' id='word_1_274' title='bbox 1762 2729 1767 2787; x_wconf 73' lang='grc' dir='ltr'>Ι</span> 
     </span>
     <span class='ocr_line' id='line_1_35' title="bbox 102 2787 1769 2844; baseline 0 -14"><span class='ocrx_word' id='word_1_275' title='bbox 102 2787 280 2831; x_wconf 79' lang='lat' dir='ltr'>leuiora</span> <span class='ocrx_word' id='word_1_276' title='bbox 315 2787 398 2844; x_wconf 58' lang='grc' dir='ltr'>ρι’,</span> <span class='ocrx_word' id='word_1_277' title='bbox 438 2788 615 2832; x_wconf 84' lang='grc'>10111013</span> <span class='ocrx_word' id='word_1_278' title='bbox 652 2789 778 2832; x_wconf 89' lang='grc'>101113</span> <span class='ocrx_word' id='word_1_279' title='bbox 810 2789 867 2844; x_wconf 88' lang='lat' dir='ltr'>F,</span> <span class='ocrx_word' id='word_1_280' title='bbox 908 2789 1022 2832; x_wconf 88' lang='lat' dir='ltr'>folia</span> <span class='ocrx_word' id='word_1_281' title='bbox 1058 2789 1185 2832; x_wconf 88' lang='lat' dir='ltr'>linia</span> <span class='ocrx_word' id='word_1_282' title='bbox 1229 2803 1331 2832; x_wconf 91' lang='lat' dir='ltr'>cum</span> <span class='ocrx_word' id='word_1_283' title='bbox 1370 2789 1437 2843; x_wconf 85' lang='lat' dir='ltr'>E,</span> <span class='ocrx_word' id='word_1_284' title='bbox 1480 2791 1525 2831; x_wconf 85' lang='lat' dir='ltr'>et</span> <span class='ocrx_word' id='word_1_285' title='bbox 1564 2787 1688 2831; x_wconf 87' lang='lat' dir='ltr'>leuia</span> <span class='ocrx_word' id='word_1_286' title='bbox 1728 2802 1769 2843; x_wconf 82' lang='lat' dir='ltr'>a,</span> 
     </span>
     <span class='ocr_line' id='line_1_36' title="bbox 104 2846 1770 2911; baseline 0 -22"><span class='ocrx_word' id='word_1_287' title='bbox 104 2846 189 2911; x_wconf 86' lang='lat' dir='ltr'>[et]</span> <span class='ocrx_word' id='word_1_288' title='bbox 234 2846 360 2890; x_wconf 92' lang='lat' dir='ltr'>leuia</span> <span class='ocrx_word' id='word_1_289' title='bbox 399 2861 504 2904; x_wconf 72' lang='lat' dir='ltr'>cys</span> <span class='ocrx_word' id='word_1_290' title='bbox 553 2861 621 2891; x_wconf 83' lang='lat' dir='ltr'>om</span> <span class='ocrx_word' id='word_1_291' title='bbox 669 2863 704 2904; x_wconf 76' lang='lat' dir='ltr'>p</span> <span class='ocrx_word' id='word_1_292' title='bbox 750 2850 764 2904; x_wconf 79' lang='grc' dir='ltr'>Η</span> <span class='ocrx_word' id='word_1_293' title='bbox 811 2853 862 2890; x_wconf 81' lang='lat'>21</span> <span class='ocrx_word' id='word_1_294' title='bbox 904 2847 1191 2892; x_wconf 86' lang='lat' dir='ltr'>iocunditate</span> <span class='ocrx_word' id='word_1_295' title='bbox 1231 2849 1324 2892; x_wconf 90' lang='lat' dir='ltr'>PL</span> <span class='ocrx_word' id='word_1_296' title='bbox 1341 2847 1552 2903; x_wconf 85' lang='lat' dir='ltr'><strong><em>VETF,</em></strong></span> <span class='ocrx_word' id='word_1_297' title='bbox 1600 2846 1770 2890; x_wconf 90' lang='lat' dir='ltr'>iocum-</span> 
     </span>
     <span class='ocr_line' id='line_1_37' title="bbox 104 2903 1115 2964; baseline 0.004 -17"><span class='ocrx_word' id='word_1_298' title='bbox 104 2903 253 2949; x_wconf 86' lang='lat' dir='ltr'>ditate</span> <span class='ocrx_word' id='word_1_299' title='bbox 288 2905 325 2962; x_wconf 74' lang='lat' dir='ltr'><em>Q</em></span> <span class='ocrx_word' id='word_1_300' title='bbox 352 2907 358 2964; x_wconf 89' lang='grc' dir='ltr'>Ι</span> <span class='ocrx_word' id='word_1_301' title='bbox 387 2905 646 2963; x_wconf 85' lang='lat' dir='ltr'>colligimus</span> <span class='ocrx_word' id='word_1_302' title='bbox 680 2907 721 2951; x_wconf 92' lang='lat' dir='ltr'><em>G</em></span> <span class='ocrx_word' id='word_1_303' title='bbox 744 2909 758 2964; x_wconf 84' lang='grc' dir='ltr'>ΙΙ</span> <span class='ocrx_word' id='word_1_304' title='bbox 783 2911 835 2950; x_wconf 80' lang='lat'>22</span> <span class='ocrx_word' id='word_1_305' title='bbox 871 2907 1039 2951; x_wconf 87' lang='lat' dir='ltr'>ablatis</span> <span class='ocrx_word' id='word_1_306' title='bbox 1072 2908 1115 2951; x_wconf 93' lang='lat' dir='ltr'><strong><em>V</em></strong></span> 
     </span>
    </p>
   </div>
   <div class='ocr_carea' id='block_1_12' title="bbox 1819 1347 1852 1398">
    <p class='ocr_par' dir='ltr' id='par_1_12' title="bbox 1819 1347 1852 1398">
     <span class='ocr_line' id='line_1_38' title="bbox 1819 1347 1852 1398; baseline 0 0"><span class='ocrx_word' id='word_1_307' title='bbox 1819 1347 1852 1398; x_wconf 76' lang='lat'>2</span> 
     </span>
    </p>
   </div>
   <div class='ocr_carea' id='block_1_13' title="bbox 1816 2083 1848 2134">
    <p class='ocr_par' dir='ltr' id='par_1_13' title="bbox 1816 2083 1848 2134">
     <span class='ocr_line' id='line_1_39' title="bbox 1816 2083 1848 2134; baseline 0 0"><span class='ocrx_word' id='word_1_308' title='bbox 1816 2083 1848 2134; x_wconf 81' lang='lat'>3</span> 
     </span>
    </p>
   </div>
  </div>
 </body>
</html>
