<?xml version="1.0" encoding="UTF-8"?>
<!DOCTYPE html PUBLIC "-//W3C//DTD XHTML 1.0 Transitional//EN"
    "http://www.w3.org/TR/xhtml1/DTD/xhtml1-transitional.dtd">
<html xmlns="http://www.w3.org/1999/xhtml" xml:lang="en" lang="en">
 <head>
  <title>
</title>
<meta http-equiv="Content-Type" content="text/html;charset=utf-8" />
  <meta name='ocr-system' content='tesseract 3.04.00' />
  <meta name='ocr-capabilities' content='ocr_page ocr_carea ocr_par ocr_line ocrx_word'/>
</head>
<body>
  <div class='ocr_page' id='page_1' title='image "./palladiirvtiliit00palluoft_0115.png"; bbox 0 0 2072 3145; ppageno 0'>
   <div class='ocr_carea' id='block_1_1' title="bbox 738 116 1822 167">
    <p class='ocr_par' dir='ltr' id='par_1_1' title="bbox 738 116 1822 167">
     <span class='ocr_line' id='line_1_1' title="bbox 738 116 1822 167; baseline -0.004 -5"><span class='ocrx_word' id='word_1_1' title='bbox 738 118 934 163; x_wconf 81' lang='lat' dir='ltr'>AGRIC.</span> <span class='ocrx_word' id='word_1_2' title='bbox 959 119 1023 162; x_wconf 87' lang='grc' dir='ltr'>ΠΙ</span> <span class='ocrx_word' id='word_1_3' title='bbox 1050 123 1223 161; x_wconf 73' lang='lat'>23—24</span> <span class='ocrx_word' id='word_1_4' title='bbox 1752 116 1822 167; x_wconf 76' lang='grc'>95</span> 
     </span>
    </p>
   </div>
   <div class='ocr_carea' id='block_1_2' title="bbox 71 237 1824 2232">
    <p class='ocr_par' dir='ltr' id='par_1_2' title="bbox 71 237 1824 2232">
     <span class='ocr_line' id='line_1_2' title="bbox 143 237 1823 306; baseline -0.004 -11"><span class='ocrx_word' id='word_1_5' title='bbox 143 242 496 295; x_wconf 72' lang='lat' dir='ltr'>seminandas</span> <span class='ocrx_word' id='word_1_6' title='bbox 562 242 607 293; x_wconf 92' lang='lat' dir='ltr'>si</span> <span class='ocrx_word' id='word_1_7' title='bbox 648 258 827 293; x_wconf 90' lang='lat' dir='ltr'>semen</span> <span class='ocrx_word' id='word_1_8' title='bbox 861 240 974 292; x_wconf 88' lang='grc'>6166</span> <span class='ocrx_word' id='word_1_9' title='bbox 1009 239 1225 305; x_wconf 81' lang='grc'>6666116,</span> <span class='ocrx_word' id='word_1_10' title='bbox 1263 239 1321 290; x_wconf 89' lang='lat' dir='ltr'>in</span> <span class='ocrx_word' id='word_1_11' title='bbox 1354 241 1514 306; x_wconf 89' lang='lat' dir='ltr'>caput</span> <span class='ocrx_word' id='word_1_12' title='bbox 1547 237 1737 289; x_wconf 89' lang='lat' dir='ltr'>crescit</span> <span class='ocrx_word' id='word_1_13' title='bbox 1769 241 1823 289; x_wconf 91' lang='lat' dir='ltr'>et</span> 
     </span>
     <span class='ocr_line' id='line_1_3' title="bbox 142 311 1823 381; baseline -0.004 -13"><span class='ocrx_word' id='word_1_14' title='bbox 142 317 321 369; x_wconf 90' lang='lat' dir='ltr'>minus</span> <span class='ocrx_word' id='word_1_15' title='bbox 368 316 545 367; x_wconf 90' lang='lat' dir='ltr'>reddit</span> <span class='ocrx_word' id='word_1_16' title='bbox 591 316 647 367; x_wconf 93' lang='lat' dir='ltr'>in</span> <span class='ocrx_word' id='word_1_17' title='bbox 695 314 919 367; x_wconf 90' lang='lat' dir='ltr'>semine:</span> <span class='ocrx_word' id='word_1_18' title='bbox 969 314 1014 365; x_wconf 93' lang='lat' dir='ltr'>si</span> <span class='ocrx_word' id='word_1_19' title='bbox 1061 313 1358 381; x_wconf 89' lang='lat' dir='ltr'>capitulum</span> <span class='ocrx_word' id='word_1_20' title='bbox 1404 330 1597 381; x_wconf 87' lang='lat' dir='ltr'>ponas,</span> <span class='ocrx_word' id='word_1_21' title='bbox 1644 311 1823 378; x_wconf 92' lang='lat' dir='ltr'>ipsum</span> 
     </span>
     <span class='ocr_line' id='line_1_4' title="bbox 141 385 1824 453; baseline -0.005 -10"><span class='ocrx_word' id='word_1_22' title='bbox 141 390 400 443; x_wconf 90' lang='lat' dir='ltr'>macescit</span> <span class='ocrx_word' id='word_1_23' title='bbox 441 393 494 441; x_wconf 91' lang='lat' dir='ltr'>et</span> <span class='ocrx_word' id='word_1_24' title='bbox 533 390 766 441; x_wconf 89' lang='lat' dir='ltr'>multum</span> <span class='ocrx_word' id='word_1_25' title='bbox 807 406 987 439; x_wconf 89' lang='lat' dir='ltr'>semen</span> <span class='ocrx_word' id='word_1_26' title='bbox 1029 387 1221 439; x_wconf 89' lang='lat' dir='ltr'>educit.</span> <span class='ocrx_word' id='word_1_27' title='bbox 1299 390 1499 437; x_wconf 88' lang='lat' dir='ltr'>terram</span> <span class='ocrx_word' id='word_1_28' title='bbox 1540 403 1698 453; x_wconf 89' lang='lat' dir='ltr'>cepae</span> <span class='ocrx_word' id='word_1_29' title='bbox 1739 385 1824 435; x_wconf 90' lang='lat' dir='ltr'>de-</span> 
     </span>
     <span class='ocr_line' id='line_1_5' title="bbox 140 458 1823 533; baseline -0.004 -17"><span class='ocrx_word' id='word_1_30' title='bbox 140 465 379 517; x_wconf 92' lang='lat' dir='ltr'>siderant</span> <span class='ocrx_word' id='word_1_31' title='bbox 432 464 716 533; x_wconf 76' lang='lat' dir='ltr'>pinguem,</span> <span class='ocrx_word' id='word_1_32' title='bbox 770 462 1120 513; x_wconf 89' lang='lat' dir='ltr'>uehementer</span> <span class='ocrx_word' id='word_1_33' title='bbox 1176 460 1481 527; x_wconf 85' lang='lat' dir='ltr'>subactam,</span> <span class='ocrx_word' id='word_1_34' title='bbox 1534 458 1823 527; x_wconf 79' lang='lat' dir='ltr'>inriguam,</span> 
     </span>
     <span class='ocr_line' id='line_1_6' title="bbox 95 533 1823 592; baseline -0.005 0"><span class='ocrx_word' id='word_1_35' title='bbox 95 561 116 592; x_wconf 85' lang='lat'>5</span> <span class='ocrx_word' id='word_1_36' title='bbox 142 541 509 592; x_wconf 74' lang='lat' dir='ltr'>stercoratam.</span> <span class='ocrx_word' id='word_1_37' title='bbox 589 538 667 589; x_wconf 91' lang='lat' dir='ltr'>ibi</span> <span class='ocrx_word' id='word_1_38' title='bbox 724 554 874 588; x_wconf 88' lang='lat' dir='ltr'>areas</span> <span class='ocrx_word' id='word_1_39' title='bbox 925 535 1183 587; x_wconf 86' lang='lat' dir='ltr'>faciemus</span> <span class='ocrx_word' id='word_1_40' title='bbox 1234 534 1484 586; x_wconf 91' lang='lat' dir='ltr'>omnibus</span> <span class='ocrx_word' id='word_1_41' title='bbox 1530 533 1713 585; x_wconf 82' lang='lat' dir='ltr'><strong>herbis</strong></span> <span class='ocrx_word' id='word_1_42' title='bbox 1770 535 1823 583; x_wconf 91' lang='lat' dir='ltr'>et</span> 
     </span>
     <span class='ocr_line' id='line_1_7' title="bbox 137 606 1821 680; baseline -0.004 -16"><span class='ocrx_word' id='word_1_43' title='bbox 137 612 316 664; x_wconf 82' lang='lat' dir='ltr'>radice</span> <span class='ocrx_word' id='word_1_44' title='bbox 340 615 618 680; x_wconf 70' lang='lat' dir='ltr'>purgatas</span> <span class='ocrx_word' id='word_1_45' title='bbox 672 627 910 662; x_wconf 89' lang='lat' dir='ltr'>seremus</span> <span class='ocrx_word' id='word_1_46' title='bbox 935 609 1146 677; x_wconf 90' lang='lat' dir='ltr'>placido</span> <span class='ocrx_word' id='word_1_47' title='bbox 1173 611 1226 659; x_wconf 90' lang='lat' dir='ltr'>et</span> <span class='ocrx_word' id='word_1_48' title='bbox 1253 625 1439 659; x_wconf 90' lang='lat' dir='ltr'>sereno</span> <span class='ocrx_word' id='word_1_49' title='bbox 1466 606 1564 675; x_wconf 90' lang='lat' dir='ltr'>die,</span> <span class='ocrx_word' id='word_1_50' title='bbox 1590 606 1821 658; x_wconf 84' lang='lat' dir='ltr'>maxime</span> 
     </span>
     <span class='ocr_line' id='line_1_8' title="bbox 138 682 1822 748; baseline -0.004 -10"><span class='ocrx_word' id='word_1_51' title='bbox 138 690 324 738; x_wconf 89' lang='lat' dir='ltr'>austro</span> <span class='ocrx_word' id='word_1_52' title='bbox 364 685 451 737; x_wconf 87' lang='lat' dir='ltr'>uel</span> <span class='ocrx_word' id='word_1_53' title='bbox 493 703 619 737; x_wconf 93' lang='lat' dir='ltr'>euro</span> <span class='ocrx_word' id='word_1_54' title='bbox 660 684 931 736; x_wconf 73' lang='lat' dir='ltr'>flantibus</span> <span class='ocrx_word' id='word_1_55' title='bbox 998 683 1044 734; x_wconf 92' lang='lat' dir='ltr'>si</span> <span class='ocrx_word' id='word_1_56' title='bbox 1084 683 1356 734; x_wconf 86' lang='lat' dir='ltr'>minuente</span> <span class='ocrx_word' id='word_1_57' title='bbox 1396 682 1523 732; x_wconf 91' lang='lat' dir='ltr'>luna</span> <span class='ocrx_word' id='word_1_58' title='bbox 1561 684 1822 748; x_wconf 91' lang='lat' dir='ltr'>serantur,</span> 
     </span>
     <span class='ocr_line' id='line_1_9' title="bbox 136 755 1821 826; baseline -0.004 -14"><span class='ocrx_word' id='word_1_59' title='bbox 136 764 327 812; x_wconf 89' lang='lat' dir='ltr'>tenues</span> <span class='ocrx_word' id='word_1_60' title='bbox 378 763 431 810; x_wconf 90' lang='lat' dir='ltr'>et</span> <span class='ocrx_word' id='word_1_61' title='bbox 471 760 702 811; x_wconf 80' lang='lat' dir='ltr'>acriores</span> <span class='ocrx_word' id='word_1_62' title='bbox 742 757 1090 826; x_wconf 88' lang='lat' dir='ltr'>proueniunt,</span> <span class='ocrx_word' id='word_1_63' title='bbox 1140 755 1186 808; x_wconf 89' lang='lat' dir='ltr'>si</span> <span class='ocrx_word' id='word_1_64' title='bbox 1226 760 1518 823; x_wconf 73' lang='lat' dir='ltr'>crescente,</span> <span class='ocrx_word' id='word_1_65' title='bbox 1565 755 1821 806; x_wconf 82' lang='lat' dir='ltr'>robustae</span> 
     </span>
     <span class='ocr_line' id='line_1_10' title="bbox 138 828 1821 902; baseline -0.005 -16"><span class='ocrx_word' id='word_1_66' title='bbox 138 838 192 886; x_wconf 90' lang='lat' dir='ltr'>et</span> <span class='ocrx_word' id='word_1_67' title='bbox 239 834 448 902; x_wconf 90' lang='lat' dir='ltr'>saporis</span> <span class='ocrx_word' id='word_1_68' title='bbox 496 833 711 885; x_wconf 88' lang='lat' dir='ltr'>umecti.</span> <span class='ocrx_word' id='word_1_69' title='bbox 788 832 961 883; x_wconf 89' lang='lat' dir='ltr'>rarius</span> <span class='ocrx_word' id='word_1_70' title='bbox 1011 833 1136 882; x_wconf 89' lang='lat' dir='ltr'>sunt</span> <span class='ocrx_word' id='word_1_71' title='bbox 1175 830 1474 898; x_wconf 87' lang='lat' dir='ltr'>ponendae,</span> <span class='ocrx_word' id='word_1_72' title='bbox 1520 828 1821 880; x_wconf 87' lang='lat' dir='ltr'>runcandae</span> 
     </span>
     <span class='ocr_line' id='line_1_11' title="bbox 73 903 1821 973; baseline -0.005 -13"><span class='ocrx_word' id='word_1_73' title='bbox 73 930 116 961; x_wconf 87' lang='lat'>10</span> <span class='ocrx_word' id='word_1_74' title='bbox 141 927 202 960; x_wconf 90' lang='lat' dir='ltr'>ac</span> <span class='ocrx_word' id='word_1_75' title='bbox 244 908 590 959; x_wconf 88' lang='lat' dir='ltr'>sarculandae</span> <span class='ocrx_word' id='word_1_76' title='bbox 633 905 859 973; x_wconf 87' lang='lat' dir='ltr'>saepius.</span> <span class='ocrx_word' id='word_1_77' title='bbox 925 905 970 956; x_wconf 92' lang='lat' dir='ltr'>si</span> <span class='ocrx_word' id='word_1_78' title='bbox 1013 905 1190 973; x_wconf 89' lang='lat' dir='ltr'>capita</span> <span class='ocrx_word' id='word_1_79' title='bbox 1221 903 1553 955; x_wconf 89' lang='lat' dir='ltr'>uoluerimus</span> <span class='ocrx_word' id='word_1_80' title='bbox 1586 903 1671 953; x_wconf 88' lang='grc'>1116</span> <span class='ocrx_word' id='word_1_81' title='bbox 1706 920 1821 953; x_wconf 86' lang='grc'>6666</span> 
     </span>
     <span class='ocr_line' id='line_1_12' title="bbox 139 976 1822 1048; baseline -0.005 -14"><span class='ocrx_word' id='word_1_82' title='bbox 139 982 367 1048; x_wconf 89' lang='lat' dir='ltr'>maiora,</span> <span class='ocrx_word' id='word_1_83' title='bbox 420 980 553 1033; x_wconf 85' lang='lat' dir='ltr'>folia</span> <span class='ocrx_word' id='word_1_84' title='bbox 601 981 782 1032; x_wconf 90' lang='lat' dir='ltr'>omnia</span> <span class='ocrx_word' id='word_1_85' title='bbox 828 979 1081 1031; x_wconf 87' lang='lat' dir='ltr'>debemus</span> <span class='ocrx_word' id='word_1_86' title='bbox 1132 977 1362 1030; x_wconf 84' lang='lat' dir='ltr'>auferre:</span> <span class='ocrx_word' id='word_1_87' title='bbox 1419 977 1494 1028; x_wconf 91' lang='lat' dir='ltr'>sic</span> <span class='ocrx_word' id='word_1_88' title='bbox 1550 994 1708 1028; x_wconf 91' lang='lat' dir='ltr'>sucus</span> <span class='ocrx_word' id='word_1_89' title='bbox 1758 976 1822 1026; x_wconf 89' lang='lat' dir='ltr'>ad</span> 
     </span>
     <span class='ocr_line' id='line_1_13' title="bbox 137 1050 1824 1124; baseline -0.005 -16"><span class='ocrx_word' id='word_1_90' title='bbox 137 1056 396 1108; x_wconf 85' lang='lat' dir='ltr'>inferiora</span> <span class='ocrx_word' id='word_1_91' title='bbox 445 1058 682 1124; x_wconf 79' lang='lat' dir='ltr'>cogetur.</span> <span class='ocrx_word' id='word_1_92' title='bbox 762 1054 824 1105; x_wconf 88' lang='lat' dir='ltr'>de</span> <span class='ocrx_word' id='word_1_93' title='bbox 871 1054 1066 1120; x_wconf 87' lang='lat' dir='ltr'>quibus</span> <span class='ocrx_word' id='word_1_94' title='bbox 1107 1070 1235 1103; x_wconf 91' lang='lat' dir='ltr'>uero</span> <span class='ocrx_word' id='word_1_95' title='bbox 1278 1051 1482 1103; x_wconf 91' lang='lat' dir='ltr'>semina</span> <span class='ocrx_word' id='word_1_96' title='bbox 1522 1050 1824 1118; x_wconf 89' lang='lat' dir='ltr'>colligenda</span> 
     </span>
     <span class='ocr_line' id='line_1_14' title="bbox 141 1125 1824 1197; baseline -0.004 -16"><span class='ocrx_word' id='word_1_97' title='bbox 141 1133 287 1197; x_wconf 89' lang='lat' dir='ltr'>sunt,</span> <span class='ocrx_word' id='word_1_98' title='bbox 335 1130 588 1181; x_wconf 90' lang='lat' dir='ltr'>iuuentur</span> <span class='ocrx_word' id='word_1_99' title='bbox 638 1127 999 1195; x_wconf 79' lang='lat' dir='ltr'>adminiculis,</span> <span class='ocrx_word' id='word_1_100' title='bbox 1045 1125 1139 1178; x_wconf 95' lang='lat' dir='ltr'>ubi</span> <span class='ocrx_word' id='word_1_101' title='bbox 1180 1126 1386 1177; x_wconf 89' lang='lat' dir='ltr'>caulem</span> <span class='ocrx_word' id='word_1_102' title='bbox 1427 1125 1701 1193; x_wconf 85' lang='lat' dir='ltr'>coeperint</span> <span class='ocrx_word' id='word_1_103' title='bbox 1740 1141 1824 1174; x_wconf 81' lang='lat' dir='ltr'>ex-</span> 
     </span>
     <span class='ocr_line' id='line_1_15' title="bbox 141 1197 1823 1271; baseline -0.004 -16"><span class='ocrx_word' id='word_1_104' title='bbox 141 1205 320 1256; x_wconf 90' lang='lat' dir='ltr'>citare.</span> <span class='ocrx_word' id='word_1_105' title='bbox 411 1221 533 1255; x_wconf 92' lang='lat' dir='ltr'>cum</span> <span class='ocrx_word' id='word_1_106' title='bbox 587 1203 742 1271; x_wconf 88' lang='lat' dir='ltr'>niger</span> <span class='ocrx_word' id='word_1_107' title='bbox 797 1202 944 1253; x_wconf 87' lang='lat' dir='ltr'>color</span> <span class='ocrx_word' id='word_1_108' title='bbox 999 1200 1218 1252; x_wconf 89' lang='lat' dir='ltr'>seminis</span> <span class='ocrx_word' id='word_1_109' title='bbox 1273 1199 1459 1266; x_wconf 84' lang='lat' dir='ltr'>fuerit,</span> <span class='ocrx_word' id='word_1_110' title='bbox 1512 1197 1823 1266; x_wconf 87' lang='lat' dir='ltr'>praeferunt</span> 
     </span>
     <span class='ocr_line' id='line_1_16' title="bbox 73 1272 1824 1331; baseline -0.004 -1"><span class='ocrx_word' id='word_1_111' title='bbox 73 1300 115 1331; x_wconf 86' lang='lat'>15</span> <span class='ocrx_word' id='word_1_112' title='bbox 139 1277 472 1329; x_wconf 81' lang='lat' dir='ltr'>maturitatis</span> <span class='ocrx_word' id='word_1_113' title='bbox 521 1276 733 1328; x_wconf 88' lang='lat' dir='ltr'>indicia.</span> <span class='ocrx_word' id='word_1_114' title='bbox 810 1275 1043 1327; x_wconf 91' lang='lat' dir='ltr'>uellendi</span> <span class='ocrx_word' id='word_1_115' title='bbox 1092 1278 1217 1326; x_wconf 91' lang='lat' dir='ltr'>sunt</span> <span class='ocrx_word' id='word_1_116' title='bbox 1258 1273 1415 1324; x_wconf 85' lang='lat' dir='ltr'>thalli</span> <span class='ocrx_word' id='word_1_117' title='bbox 1457 1274 1629 1324; x_wconf 87' lang='lat' dir='ltr'>adhuc</span> <span class='ocrx_word' id='word_1_118' title='bbox 1671 1272 1824 1323; x_wconf 90' lang='lat' dir='ltr'>semi-</span> 
     </span>
     <span class='ocr_line' id='line_1_17' title="bbox 140 1346 1822 1404; baseline -0.004 -1"><span class='ocrx_word' id='word_1_119' title='bbox 140 1352 269 1404; x_wconf 90' lang='lat' dir='ltr'>sicci</span> <span class='ocrx_word' id='word_1_120' title='bbox 317 1370 439 1403; x_wconf 90' lang='lat' dir='ltr'>cum</span> <span class='ocrx_word' id='word_1_121' title='bbox 481 1350 680 1402; x_wconf 92' lang='lat' dir='ltr'>semine</span> <span class='ocrx_word' id='word_1_122' title='bbox 722 1353 775 1401; x_wconf 91' lang='lat' dir='ltr'>et</span> <span class='ocrx_word' id='word_1_123' title='bbox 816 1350 892 1401; x_wconf 90' lang='lat' dir='ltr'>sic</span> <span class='ocrx_word' id='word_1_124' title='bbox 932 1349 989 1400; x_wconf 91' lang='lat' dir='ltr'>in</span> <span class='ocrx_word' id='word_1_125' title='bbox 1029 1348 1140 1399; x_wconf 89' lang='lat' dir='ltr'>sole</span> <span class='ocrx_word' id='word_1_126' title='bbox 1182 1346 1429 1399; x_wconf 87' lang='lat' dir='ltr'>siccandi.</span> <span class='ocrx_word' id='word_1_127' title='bbox 1499 1347 1601 1398; x_wconf 91' lang='lat' dir='ltr'>hoc</span> <span class='ocrx_word' id='word_1_128' title='bbox 1641 1363 1822 1397; x_wconf 90' lang='lat' dir='ltr'>mense</span> 
     </span>
     <span class='ocr_line' id='line_1_18' title="bbox 137 1421 1822 1491; baseline -0.004 -14"><span class='ocrx_word' id='word_1_129' title='bbox 137 1425 397 1478; x_wconf 87' lang='lat' dir='ltr'>anethum</span> <span class='ocrx_word' id='word_1_130' title='bbox 453 1442 595 1475; x_wconf 90' lang='lat' dir='ltr'>seres</span> <span class='ocrx_word' id='word_1_131' title='bbox 650 1423 784 1475; x_wconf 92' lang='grc'>10616</span> <span class='ocrx_word' id='word_1_132' title='bbox 839 1422 1067 1491; x_wconf 86' lang='lat' dir='ltr'>frigidis.</span> <span class='ocrx_word' id='word_1_133' title='bbox 1155 1439 1368 1473; x_wconf 91' lang='lat' dir='ltr'>omnem</span> <span class='ocrx_word' id='word_1_134' title='bbox 1426 1421 1560 1472; x_wconf 91' lang='lat' dir='ltr'>caeli</span> <span class='ocrx_word' id='word_1_135' title='bbox 1616 1423 1822 1471; x_wconf 79' lang='lat' dir='ltr'>statum</span> 
     </span>
     <span class='ocr_line' id='line_1_19' title="bbox 136 1494 1822 1569; baseline -0.004 -18"><span class='ocrx_word' id='word_1_136' title='bbox 136 1498 367 1569; x_wconf 89' lang='lat' dir='ltr'>patitur,</span> <span class='ocrx_word' id='word_1_137' title='bbox 418 1499 510 1550; x_wconf 91' lang='lat' dir='ltr'>sed</span> <span class='ocrx_word' id='word_1_138' title='bbox 555 1496 819 1565; x_wconf 84' lang='lat' dir='ltr'>tepidiore</span> <span class='ocrx_word' id='word_1_139' title='bbox 859 1497 1108 1548; x_wconf 87' lang='lat' dir='ltr'>laetatur.</span> <span class='ocrx_word' id='word_1_140' title='bbox 1185 1496 1415 1563; x_wconf 87' lang='lat' dir='ltr'>rigetur,</span> <span class='ocrx_word' id='word_1_141' title='bbox 1466 1495 1510 1546; x_wconf 89' lang='lat' dir='ltr'>si</span> <span class='ocrx_word' id='word_1_142' title='bbox 1553 1512 1607 1546; x_wconf 88' lang='lat' dir='ltr'>se</span> <span class='ocrx_word' id='word_1_143' title='bbox 1648 1494 1822 1545; x_wconf 87' lang='lat' dir='ltr'>imber</span> 
     </span>
     <span class='ocr_line' id='line_1_20' title="bbox 138 1568 1821 1639; baseline -0.004 -14"><span class='ocrx_word' id='word_1_144' title='bbox 138 1574 426 1626; x_wconf 88' lang='lat' dir='ltr'>abstineat.</span> <span class='ocrx_word' id='word_1_145' title='bbox 489 1575 700 1623; x_wconf 91' lang='lat' dir='ltr'>seratur</span> <span class='ocrx_word' id='word_1_146' title='bbox 746 1571 935 1622; x_wconf 72' lang='lat' dir='ltr'>rarius</span> <span class='ocrx_word' id='word_1_147' title='bbox 1000 1569 1167 1639; x_wconf 84' lang='lat' dir='ltr'>aliqui</span> <span class='ocrx_word' id='word_1_148' title='bbox 1207 1588 1390 1621; x_wconf 90' lang='lat' dir='ltr'>semen</span> <span class='ocrx_word' id='word_1_149' title='bbox 1430 1569 1543 1620; x_wconf 89' lang='lat' dir='ltr'>eius</span> <span class='ocrx_word' id='word_1_150' title='bbox 1583 1586 1691 1620; x_wconf 90' lang='lat' dir='ltr'>non</span> <span class='ocrx_word' id='word_1_151' title='bbox 1733 1568 1821 1619; x_wconf 95' lang='lat' dir='ltr'>ob-</span> 
     </span>
     <span class='ocr_line' id='line_1_21' title="bbox 71 1645 1821 1715; baseline -0.005 -14"><span class='ocrx_word' id='word_1_152' title='bbox 71 1671 114 1702; x_wconf 83' lang='lat'>20</span> <span class='ocrx_word' id='word_1_153' title='bbox 138 1651 303 1699; x_wconf 86' lang='lat' dir='ltr'>ruunt</span> <span class='ocrx_word' id='word_1_154' title='bbox 344 1646 643 1715; x_wconf 81' lang='lat' dir='ltr'>opinanteS,</span> <span class='ocrx_word' id='word_1_155' title='bbox 686 1645 828 1713; x_wconf 87' lang='lat' dir='ltr'>quod</span> <span class='ocrx_word' id='word_1_156' title='bbox 868 1664 898 1696; x_wconf 89' lang='lat' dir='ltr'>a</span> <span class='ocrx_word' id='word_1_157' title='bbox 936 1645 1087 1696; x_wconf 89' lang='lat' dir='ltr'>nulla</span> <span class='ocrx_word' id='word_1_158' title='bbox 1128 1662 1224 1695; x_wconf 90' lang='lat' dir='ltr'>aue</span> <span class='ocrx_word' id='word_1_159' title='bbox 1258 1646 1529 1712; x_wconf 88' lang='lat' dir='ltr'>tangatur.</span> <span class='ocrx_word' id='word_1_160' title='bbox 1591 1660 1734 1693; x_wconf 88' lang='lat' dir='ltr'>nunc</span> <span class='ocrx_word' id='word_1_161' title='bbox 1767 1645 1821 1692; x_wconf 92' lang='lat' dir='ltr'>et</span> 
     </span>
     <span class='ocr_line' id='line_1_22' title="bbox 138 1717 1822 1790; baseline -0.005 -16"><span class='ocrx_word' id='word_1_162' title='bbox 138 1721 325 1790; x_wconf 89' lang='lat' dir='ltr'>senapi</span> <span class='ocrx_word' id='word_1_163' title='bbox 365 1738 539 1773; x_wconf 89' lang='lat' dir='ltr'>serere</span> <span class='ocrx_word' id='word_1_164' title='bbox 571 1737 871 1788; x_wconf 70' lang='lat' dir='ltr'>possumus</span> <span class='ocrx_word' id='word_1_165' title='bbox 923 1719 1026 1771; x_wconf 95' lang='lat' dir='ltr'>hoc</span> <span class='ocrx_word' id='word_1_166' title='bbox 1059 1718 1223 1769; x_wconf 91' lang='lat' dir='ltr'>etiam</span> <span class='ocrx_word' id='word_1_167' title='bbox 1256 1735 1436 1768; x_wconf 90' lang='lat' dir='ltr'>mense</span> <span class='ocrx_word' id='word_1_168' title='bbox 1472 1717 1648 1768; x_wconf 88' lang='lat' dir='ltr'>caules</span> <span class='ocrx_word' id='word_1_169' title='bbox 1685 1733 1822 1767; x_wconf 89' lang='lat' dir='ltr'>sere-</span> 
     </span>
     <span class='ocr_line' id='line_1_23' title="bbox 139 1790 1822 1863; baseline -0.004 -16"><span class='ocrx_word' id='word_1_170' title='bbox 139 1814 274 1863; x_wconf 84' lang='grc'>1666,</span> <span class='ocrx_word' id='word_1_171' title='bbox 316 1795 408 1863; x_wconf 90' lang='lat' dir='ltr'>qui</span> <span class='ocrx_word' id='word_1_172' title='bbox 449 1798 502 1846; x_wconf 92' lang='lat' dir='ltr'>et</span> <span class='ocrx_word' id='word_1_173' title='bbox 540 1797 658 1845; x_wconf 88' lang='lat' dir='ltr'>toto</span> <span class='ocrx_word' id='word_1_174' title='bbox 700 1811 837 1844; x_wconf 90' lang='lat' dir='ltr'>anno</span> <span class='ocrx_word' id='word_1_175' title='bbox 880 1793 985 1844; x_wconf 89' lang='lat' dir='ltr'>seri</span> <span class='ocrx_word' id='word_1_176' title='bbox 1017 1794 1262 1860; x_wconf 88' lang='lat' dir='ltr'>possunt.</span> <span class='ocrx_word' id='word_1_177' title='bbox 1327 1791 1502 1842; x_wconf 89' lang='lat' dir='ltr'>solum</span> <span class='ocrx_word' id='word_1_178' title='bbox 1534 1790 1733 1858; x_wconf 87' lang='lat' dir='ltr'>pingue</span> <span class='ocrx_word' id='word_1_179' title='bbox 1768 1793 1822 1840; x_wconf 89' lang='lat' dir='ltr'>et</span> 
     </span>
     <span class='ocr_line' id='line_1_24' title="bbox 140 1865 1820 1935; baseline -0.004 -14"><span class='ocrx_word' id='word_1_180' title='bbox 140 1869 274 1921; x_wconf 90' lang='lat' dir='ltr'>satis</span> <span class='ocrx_word' id='word_1_181' title='bbox 317 1868 602 1920; x_wconf 90' lang='lat' dir='ltr'>subactum</span> <span class='ocrx_word' id='word_1_182' title='bbox 644 1867 898 1934; x_wconf 89' lang='lat' dir='ltr'>diligunt:</span> <span class='ocrx_word' id='word_1_183' title='bbox 940 1865 1190 1935; x_wconf 86' lang='lat' dir='ltr'>argillam</span> <span class='ocrx_word' id='word_1_184' title='bbox 1230 1868 1284 1917; x_wconf 92' lang='lat' dir='ltr'>et</span> <span class='ocrx_word' id='word_1_185' title='bbox 1323 1865 1564 1935; x_wconf 85' lang='lat' dir='ltr'>glaream</span> <span class='ocrx_word' id='word_1_186' title='bbox 1604 1865 1820 1915; x_wconf 85' lang='lat' dir='ltr'>timent:</span> 
     </span>
     <span class='ocr_line' id='line_1_25' title="bbox 141 1937 1819 2007; baseline -0.004 -12"><span class='ocrx_word' id='word_1_187' title='bbox 141 1943 400 1995; x_wconf 89' lang='lat' dir='ltr'>sabulone</span> <span class='ocrx_word' id='word_1_188' title='bbox 456 1945 510 1993; x_wconf 89' lang='lat' dir='ltr'>et</span> <span class='ocrx_word' id='word_1_189' title='bbox 563 1941 780 1993; x_wconf 88' lang='lat' dir='ltr'>harenis</span> <span class='ocrx_word' id='word_1_190' title='bbox 833 1959 944 1992; x_wconf 89' lang='lat' dir='ltr'>non</span> <span class='ocrx_word' id='word_1_191' title='bbox 987 1940 1358 2007; x_wconf 87' lang='lat' dir='ltr'>delectantur,</span> <span class='ocrx_word' id='word_1_192' title='bbox 1411 1938 1518 1990; x_wconf 86' lang='lat' dir='ltr'>nisi</span> <span class='ocrx_word' id='word_1_193' title='bbox 1571 1937 1819 2005; x_wconf 89' lang='lat' dir='ltr'>perennis</span> 
     </span>
     <span class='ocr_line' id='line_1_26' title="bbox 72 2011 1821 2079; baseline -0.005 -8"><span class='ocrx_word' id='word_1_194' title='bbox 72 2040 115 2072; x_wconf 78' lang='lat'>25</span> <span class='ocrx_word' id='word_1_195' title='bbox 138 2018 282 2069; x_wconf 89' lang='lat' dir='ltr'>unda</span> <span class='ocrx_word' id='word_1_196' title='bbox 328 2018 619 2069; x_wconf 85' lang='lat' dir='ltr'>succurrat.</span> <span class='ocrx_word' id='word_1_197' title='bbox 699 2033 913 2067; x_wconf 91' lang='lat' dir='ltr'>omnem</span> <span class='ocrx_word' id='word_1_198' title='bbox 961 2017 1165 2065; x_wconf 88' lang='lat' dir='ltr'>statum</span> <span class='ocrx_word' id='word_1_199' title='bbox 1213 2013 1347 2065; x_wconf 91' lang='lat' dir='ltr'>caeli</span> <span class='ocrx_word' id='word_1_200' title='bbox 1392 2013 1559 2065; x_wconf 80' lang='lat' dir='ltr'>caulis</span> <span class='ocrx_word' id='word_1_201' title='bbox 1599 2011 1821 2079; x_wconf 90' lang='lat' dir='ltr'>patitur,</span> 
     </span>
     <span class='ocr_line' id='line_1_27' title="bbox 138 2085 1821 2161; baseline -0.004 -18"><span class='ocrx_word' id='word_1_202' title='bbox 138 2091 398 2161; x_wconf 84' lang='lat' dir='ltr'>frigidum</span> <span class='ocrx_word' id='word_1_203' title='bbox 438 2089 630 2158; x_wconf 82' lang='lat' dir='ltr'>magiS.</span> <span class='ocrx_word' id='word_1_204' title='bbox 706 2092 894 2140; x_wconf 89' lang='lat' dir='ltr'>contra</span> <span class='ocrx_word' id='word_1_205' title='bbox 936 2091 1180 2140; x_wconf 88' lang='lat' dir='ltr'>austrum</span> <span class='ocrx_word' id='word_1_206' title='bbox 1218 2087 1386 2154; x_wconf 92' lang='lat' dir='ltr'>positi</span> <span class='ocrx_word' id='word_1_207' title='bbox 1427 2087 1585 2138; x_wconf 86' lang='lat' dir='ltr'>citius</span> <span class='ocrx_word' id='word_1_208' title='bbox 1626 2085 1821 2152; x_wconf 81' lang='lat' dir='ltr'>ferunt,</span> 
     </span>
     <span class='ocr_line' id='line_1_28' title="bbox 140 2159 1820 2232; baseline -0.004 -15"><span class='ocrx_word' id='word_1_209' title='bbox 140 2169 331 2218; x_wconf 90' lang='lat' dir='ltr'>contra</span> <span class='ocrx_word' id='word_1_210' title='bbox 372 2163 813 2232; x_wconf 86' lang='lat' dir='ltr'>septemtrionem</span> <span class='ocrx_word' id='word_1_211' title='bbox 851 2162 1036 2214; x_wconf 80' lang='lat' dir='ltr'>serius,</span> <span class='ocrx_word' id='word_1_212' title='bbox 1100 2161 1192 2213; x_wconf 87' lang='lat' dir='ltr'>secl</span> <span class='ocrx_word' id='word_1_213' title='bbox 1222 2160 1311 2213; x_wconf 81' lang='lat' dir='ltr'>hic</span> <span class='ocrx_word' id='word_1_214' title='bbox 1344 2164 1397 2212; x_wconf 94' lang='lat' dir='ltr'>et</span> <span class='ocrx_word' id='word_1_215' title='bbox 1429 2178 1618 2228; x_wconf 84' lang='lat' dir='ltr'>sapore</span> <span class='ocrx_word' id='word_1_216' title='bbox 1653 2159 1820 2212; x_wconf 86' lang='lat' dir='ltr'>caulis</span> 
     </span>
    </p>
   </div>
   <div class='ocr_carea' id='block_1_3' title="bbox 139 2320 1820 2971">
    <p class='ocr_par' dir='ltr' id='par_1_3' title="bbox 139 2320 1820 2971">
     <span class='ocr_line' id='line_1_29' title="bbox 260 2320 1818 2380; baseline -0.003 -14"><span class='ocrx_word' id='word_1_217' title='bbox 260 2329 281 2366; x_wconf 90' lang='lat'>1</span> <span class='ocrx_word' id='word_1_218' title='bbox 319 2323 471 2380; x_wconf 87' lang='lat' dir='ltr'>capite</span> <span class='ocrx_word' id='word_1_219' title='bbox 497 2338 533 2378; x_wconf 73' lang='lat' dir='ltr'>p</span> <span class='ocrx_word' id='word_1_220' title='bbox 571 2326 584 2379; x_wconf 98' lang='grc' dir='ltr'>ΙΙ</span> <span class='ocrx_word' id='word_1_221' title='bbox 632 2328 656 2364; x_wconf 73' lang='lat'><strong>2</strong></span> <span class='ocrx_word' id='word_1_222' title='bbox 690 2322 842 2378; x_wconf 86' lang='lat' dir='ltr'>ipsum</span> <span class='ocrx_word' id='word_1_223' title='bbox 878 2336 960 2365; x_wconf 83' lang='lat' dir='ltr'>om.</span> <span class='ocrx_word' id='word_1_224' title='bbox 983 2337 1018 2376; x_wconf 73' lang='lat'>2)</span> <span class='ocrx_word' id='word_1_225' title='bbox 1056 2324 1069 2377; x_wconf 97' lang='grc' dir='ltr'>ΙΙ</span> <span class='ocrx_word' id='word_1_226' title='bbox 1109 2326 1134 2363; x_wconf 85' lang='grc'><strong>3</strong></span> <span class='ocrx_word' id='word_1_227' title='bbox 1174 2320 1419 2364; x_wconf 88' lang='lat' dir='ltr'>marcescit</span> <span class='ocrx_word' id='word_1_228' title='bbox 1451 2320 1659 2374; x_wconf 70' lang='lat' dir='ltr'>VEGp,</span> <span class='ocrx_word' id='word_1_229' title='bbox 1698 2333 1818 2362; x_wconf 91' lang='lat' dir='ltr'>mar-</span> 
     </span>
     <span class='ocr_line' id='line_1_30' title="bbox 139 2378 1819 2438; baseline -0.004 -11"><span class='ocrx_word' id='word_1_230' title='bbox 139 2383 279 2427; x_wconf 84' lang='lat' dir='ltr'>cessit</span> <span class='ocrx_word' id='word_1_231' title='bbox 311 2383 359 2425; x_wconf 89' lang='lat' dir='ltr'><strong><em>F</em></strong></span> <span class='ocrx_word' id='word_1_232' title='bbox 379 2385 392 2438; x_wconf 95' lang='grc' dir='ltr'>ΙΙ</span> <span class='ocrx_word' id='word_1_233' title='bbox 417 2388 444 2424; x_wconf 84' lang='grc'>4</span> <span class='ocrx_word' id='word_1_234' title='bbox 475 2382 552 2425; x_wconf 91' lang='grc'>661</span> <span class='ocrx_word' id='word_1_235' title='bbox 584 2382 882 2425; x_wconf 84' lang='lat' dir='ltr'>uehementer</span> <span class='ocrx_word' id='word_1_236' title='bbox 914 2381 956 2423; x_wconf 90' lang='lat' dir='ltr'><strong><em>V</em></strong></span> <span class='ocrx_word' id='word_1_237' title='bbox 975 2382 988 2436; x_wconf 93' lang='grc' dir='ltr'>ΙΙ</span> <span class='ocrx_word' id='word_1_238' title='bbox 1013 2385 1037 2423; x_wconf 85' lang='lat'>5</span> <span class='ocrx_word' id='word_1_239' title='bbox 1071 2394 1236 2424; x_wconf 88' lang='lat' dir='ltr'>arenas</span> <span class='ocrx_word' id='word_1_240' title='bbox 1261 2381 1311 2422; x_wconf 87' lang='lat' dir='ltr'><em>E</em></span> <span class='ocrx_word' id='word_1_241' title='bbox 1333 2382 1346 2435; x_wconf 96' lang='grc' dir='ltr'>ΙΙ</span> <span class='ocrx_word' id='word_1_242' title='bbox 1371 2385 1395 2422; x_wconf 83' lang='grc'>8</span> <span class='ocrx_word' id='word_1_243' title='bbox 1428 2379 1704 2435; x_wconf 86' lang='lat' dir='ltr'>prouenient</span> <span class='ocrx_word' id='word_1_244' title='bbox 1733 2379 1774 2421; x_wconf 76' lang='lat' dir='ltr'><strong><em>G</em></strong></span> <span class='ocrx_word' id='word_1_245' title='bbox 1805 2378 1819 2436; x_wconf 69' lang='grc' dir='ltr'>-ΪΙ</span> 
     </span>
     <span class='ocr_line' id='line_1_31' title="bbox 143 2438 1819 2497; baseline -0.004 -12"><span class='ocrx_word' id='word_1_246' title='bbox 143 2447 197 2485; x_wconf 92' lang='grc'>10</span> <span class='ocrx_word' id='word_1_247' title='bbox 232 2441 535 2484; x_wconf 88' lang='lat' dir='ltr'>sarculandae</span> <span class='ocrx_word' id='word_1_248' title='bbox 570 2444 677 2484; x_wconf 91' lang='lat' dir='ltr'>sunt</span> <span class='ocrx_word' id='word_1_249' title='bbox 709 2440 1169 2496; x_wconf 69' lang='lat' dir='ltr'>VSETFGiaeys</span> <span class='ocrx_word' id='word_1_250' title='bbox 1197 2440 1201 2497; x_wconf 99' lang='grc' dir='ltr'>Ι</span> <span class='ocrx_word' id='word_1_251' title='bbox 1232 2438 1427 2494; x_wconf 82' lang='lat' dir='ltr'>Saepius</span> <span class='ocrx_word' id='word_1_252' title='bbox 1461 2438 1500 2480; x_wconf 88' lang='lat' dir='ltr'>si</span> <span class='ocrx_word' id='word_1_253' title='bbox 1532 2439 1581 2480; x_wconf 87' lang='grc' dir='ltr'><em>Ε</em></span> <span class='ocrx_word' id='word_1_254' title='bbox 1603 2440 1615 2493; x_wconf 95' lang='grc' dir='ltr'>ΙΙ</span> <span class='ocrx_word' id='word_1_255' title='bbox 1651 2443 1701 2480; x_wconf 91' lang='grc'>11</span> <span class='ocrx_word' id='word_1_256' title='bbox 1738 2451 1819 2480; x_wconf 90' lang='lat' dir='ltr'>au-</span> 
     </span>
     <span class='ocr_line' id='line_1_32' title="bbox 139 2496 1814 2557; baseline -0.004 -13"><span class='ocrx_word' id='word_1_257' title='bbox 139 2501 250 2545; x_wconf 88' lang='lat' dir='ltr'>ferri</span> <span class='ocrx_word' id='word_1_258' title='bbox 281 2501 352 2556; x_wconf 73' lang='lat' dir='ltr'>Vl</span> <span class='ocrx_word' id='word_1_259' title='bbox 382 2503 428 2543; x_wconf 90' lang='lat' dir='ltr'>et</span> <span class='ocrx_word' id='word_1_260' title='bbox 460 2500 526 2543; x_wconf 89' lang='lat' dir='ltr'>sic</span> <span class='ocrx_word' id='word_1_261' title='bbox 558 2502 635 2555; x_wconf 74' lang='lat' dir='ltr'>ia,</span> <span class='ocrx_word' id='word_1_262' title='bbox 669 2501 755 2557; x_wconf 85' lang='lat' dir='ltr'>[et]</span> <span class='ocrx_word' id='word_1_263' title='bbox 791 2499 856 2542; x_wconf 89' lang='lat' dir='ltr'>sic</span> <span class='ocrx_word' id='word_1_264' title='bbox 888 2514 995 2556; x_wconf 69' lang='lat' dir='ltr'>cys,</span> <span class='ocrx_word' id='word_1_265' title='bbox 1031 2498 1071 2542; x_wconf 91' lang='lat' dir='ltr'>si</span> <span class='ocrx_word' id='word_1_266' title='bbox 1102 2500 1166 2553; x_wconf 88' lang='lat' dir='ltr'>L,</span> <span class='ocrx_word' id='word_1_267' title='bbox 1202 2498 1249 2540; x_wconf 77' lang='lat' dir='ltr'>Si</span> <span class='ocrx_word' id='word_1_268' title='bbox 1281 2499 1321 2540; x_wconf 82' lang='lat' dir='ltr'><strong><em>V</em></strong></span> <span class='ocrx_word' id='word_1_269' title='bbox 1358 2500 1371 2554; x_wconf 98' lang='grc' dir='ltr'>ΙΙ</span> <span class='ocrx_word' id='word_1_270' title='bbox 1413 2503 1465 2540; x_wconf 83' lang='grc'>13</span> <span class='ocrx_word' id='word_1_271' title='bbox 1499 2497 1710 2539; x_wconf 87' lang='lat' dir='ltr'>iuuemus</span> <span class='ocrx_word' id='word_1_272' title='bbox 1738 2511 1772 2551; x_wconf 76' lang='lat' dir='ltr'>p</span> <span class='ocrx_word' id='word_1_273' title='bbox 1808 2496 1814 2554; x_wconf 99' lang='grc' dir='ltr'>Ι</span> 
     </span>
     <span class='ocr_line' id='line_1_33' title="bbox 140 2555 1817 2614; baseline -0.004 -10"><span class='ocrx_word' id='word_1_274' title='bbox 140 2559 404 2604; x_wconf 81' lang='lat' dir='ltr'>aminiculis</span> <span class='ocrx_word' id='word_1_275' title='bbox 437 2560 556 2613; x_wconf 87' lang='lat' dir='ltr'>LE,</span> <span class='ocrx_word' id='word_1_276' title='bbox 595 2558 906 2602; x_wconf 86' lang='lat' dir='ltr'>amminiculis</span> <span class='ocrx_word' id='word_1_277' title='bbox 938 2559 992 2601; x_wconf 79' lang='lat' dir='ltr'>ia</span> <span class='ocrx_word' id='word_1_278' title='bbox 1021 2559 1025 2614; x_wconf 95' lang='grc' dir='ltr'>Ι</span> <span class='ocrx_word' id='word_1_279' title='bbox 1055 2557 1259 2613; x_wconf 85' lang='lat' dir='ltr'>coeperit</span> <span class='ocrx_word' id='word_1_280' title='bbox 1290 2558 1308 2599; x_wconf 71' lang='lat' dir='ltr'>i</span> <span class='ocrx_word' id='word_1_281' title='bbox 1330 2559 1344 2611; x_wconf 88' lang='grc' dir='ltr'>ΙΙ</span> <span class='ocrx_word' id='word_1_282' title='bbox 1379 2562 1433 2599; x_wconf 83' lang='lat'>14</span> <span class='ocrx_word' id='word_1_283' title='bbox 1465 2555 1724 2611; x_wconf 84' lang='lat' dir='ltr'>praefertur</span> <span class='ocrx_word' id='word_1_284' title='bbox 1755 2555 1817 2608; x_wconf 88' lang='lat' dir='ltr'>E,</span> 
     </span>
     <span class='ocr_line' id='line_1_34' title="bbox 139 2615 1817 2675; baseline -0.005 -11"><span class='ocrx_word' id='word_1_285' title='bbox 139 2634 221 2664; x_wconf 83' lang='lat' dir='ltr'>om.</span> <span class='ocrx_word' id='word_1_286' title='bbox 242 2635 277 2675; x_wconf 76' lang='lat' dir='ltr'>p</span> <span class='ocrx_word' id='word_1_287' title='bbox 300 2622 314 2675; x_wconf 95' lang='grc' dir='ltr'>ΙΙ</span> <span class='ocrx_word' id='word_1_288' title='bbox 341 2623 394 2661; x_wconf 85' lang='lat'>15</span> <span class='ocrx_word' id='word_1_289' title='bbox 426 2617 653 2661; x_wconf 88' lang='lat' dir='ltr'>indicium</span> <span class='ocrx_word' id='word_1_290' title='bbox 683 2619 733 2660; x_wconf 86' lang='lat' dir='ltr'><em>E</em></span> <span class='ocrx_word' id='word_1_291' title='bbox 759 2621 762 2675; x_wconf 94' lang='grc' dir='ltr'>Ι</span> <span class='ocrx_word' id='word_1_292' title='bbox 791 2617 896 2660; x_wconf 84' lang='lat' dir='ltr'>talli</span> <span class='ocrx_word' id='word_1_293' title='bbox 930 2618 1023 2661; x_wconf 87' lang='lat' dir='ltr'>PL</span> <span class='ocrx_word' id='word_1_294' title='bbox 1038 2617 1240 2673; x_wconf 66' lang='lat' dir='ltr'>QSEF,</span> <span class='ocrx_word' id='word_1_295' title='bbox 1273 2615 1361 2658; x_wconf 91' lang='lat' dir='ltr'>tali</span> <span class='ocrx_word' id='word_1_296' title='bbox 1393 2616 1537 2659; x_wconf 75' lang='lat' dir='ltr'>VTG</span> <span class='ocrx_word' id='word_1_297' title='bbox 1567 2617 1580 2669; x_wconf 93' lang='grc' dir='ltr'>ΙΙ</span> <span class='ocrx_word' id='word_1_298' title='bbox 1622 2619 1674 2657; x_wconf 85' lang='grc'>17</span> <span class='ocrx_word' id='word_1_299' title='bbox 1710 2627 1817 2657; x_wconf 89' lang='lat' dir='ltr'>ane-</span> 
     </span>
     <span class='ocr_line' id='line_1_35' title="bbox 140 2675 1816 2734; baseline -0.004 -12"><span class='ocrx_word' id='word_1_300' title='bbox 140 2681 241 2722; x_wconf 90' lang='lat' dir='ltr'>tum</span> <span class='ocrx_word' id='word_1_301' title='bbox 272 2678 396 2722; x_wconf 77' lang='lat' dir='ltr'>codd.</span> <span class='ocrx_word' id='word_1_302' title='bbox 446 2679 460 2733; x_wconf 95' lang='grc' dir='ltr'>ΙΙ</span> <span class='ocrx_word' id='word_1_303' title='bbox 509 2682 561 2720; x_wconf 84' lang='grc'>18</span> <span class='ocrx_word' id='word_1_304' title='bbox 601 2678 799 2734; x_wconf 88' lang='lat' dir='ltr'>regitur,</span> <span class='ocrx_word' id='word_1_305' title='bbox 842 2676 881 2718; x_wconf 90' lang='lat' dir='ltr'>si</span> <span class='ocrx_word' id='word_1_306' title='bbox 919 2690 1012 2719; x_wconf 89' lang='lat' dir='ltr'>non</span> <span class='ocrx_word' id='word_1_307' title='bbox 1050 2675 1242 2732; x_wconf 69' lang='lat' dir='ltr'>pluerit,</span> <span class='ocrx_word' id='word_1_308' title='bbox 1285 2677 1464 2717; x_wconf 87' lang='lat' dir='ltr'>seratur</span> <span class='ocrx_word' id='word_1_309' title='bbox 1488 2689 1523 2729; x_wconf 72' lang='lat' dir='ltr'>p</span> <span class='ocrx_word' id='word_1_310' title='bbox 1569 2676 1581 2729; x_wconf 94' lang='grc' dir='ltr'>ΙΙ</span> <span class='ocrx_word' id='word_1_311' title='bbox 1632 2679 1683 2716; x_wconf 82' lang='grc'>19</span> <span class='ocrx_word' id='word_1_312' title='bbox 1723 2687 1816 2716; x_wconf 87' lang='grc'>11011</span> 
     </span>
     <span class='ocr_line' id='line_1_36' title="bbox 140 2732 1813 2793; baseline -0.004 -11"><span class='ocrx_word' id='word_1_313' title='bbox 140 2752 222 2782; x_wconf 80' lang='lat' dir='ltr'>om.</span> <span class='ocrx_word' id='word_1_314' title='bbox 250 2738 299 2780; x_wconf 88' lang='lat' dir='ltr'><em>E</em></span> <span class='ocrx_word' id='word_1_315' title='bbox 321 2739 334 2792; x_wconf 92' lang='grc' dir='ltr'>ΙΙ</span> <span class='ocrx_word' id='word_1_316' title='bbox 360 2741 414 2779; x_wconf 76' lang='lat'>20</span> <span class='ocrx_word' id='word_1_317' title='bbox 448 2738 494 2779; x_wconf 90' lang='lat' dir='ltr'>et</span> <span class='ocrx_word' id='word_1_318' title='bbox 518 2750 599 2779; x_wconf 83' lang='lat' dir='ltr'>om.</span> <span class='ocrx_word' id='word_1_319' title='bbox 631 2738 672 2780; x_wconf 83' lang='lat' dir='ltr'><em>T</em></span> <span class='ocrx_word' id='word_1_320' title='bbox 690 2739 704 2793; x_wconf 91' lang='grc' dir='ltr'>ΙΙ</span> <span class='ocrx_word' id='word_1_321' title='bbox 729 2742 782 2778; x_wconf 79' lang='lat'>21</span> <span class='ocrx_word' id='word_1_322' title='bbox 810 2734 975 2791; x_wconf 84' lang='lat' dir='ltr'>synapi</span> <span class='ocrx_word' id='word_1_323' title='bbox 1007 2736 1108 2789; x_wconf 84' lang='lat' dir='ltr'>VT,</span> <span class='ocrx_word' id='word_1_324' title='bbox 1143 2733 1342 2789; x_wconf 87' lang='lat' dir='ltr'>sinapim</span> <span class='ocrx_word' id='word_1_325' title='bbox 1367 2734 1467 2788; x_wconf 80' lang='lat' dir='ltr'>SE,</span> <span class='ocrx_word' id='word_1_326' title='bbox 1495 2732 1648 2789; x_wconf 87' lang='lat' dir='ltr'>sinapi</span> <span class='ocrx_word' id='word_1_327' title='bbox 1672 2733 1768 2776; x_wconf 80' lang='lat' dir='ltr'>edd.</span> <span class='ocrx_word' id='word_1_328' title='bbox 1807 2732 1813 2791; x_wconf 99' lang='grc' dir='ltr'>Ι</span> 
     </span>
     <span class='ocr_line' id='line_1_37' title="bbox 139 2791 1817 2853; baseline -0.004 -13"><span class='ocrx_word' id='word_1_329' title='bbox 139 2810 395 2853; x_wconf 81' lang='lat' dir='ltr'>possumus,</span> <span class='ocrx_word' id='word_1_330' title='bbox 428 2795 489 2838; x_wconf 89' lang='lat' dir='ltr'>Et</span> <span class='ocrx_word' id='word_1_331' title='bbox 521 2795 688 2851; x_wconf 87' lang='lat' dir='ltr'>caules,</span> <span class='ocrx_word' id='word_1_332' title='bbox 722 2794 801 2850; x_wconf 91' lang='lat' dir='ltr'>qui</span> <span class='ocrx_word' id='word_1_333' title='bbox 831 2797 931 2837; x_wconf 85' lang='lat' dir='ltr'>toto</span> <span class='ocrx_word' id='word_1_334' title='bbox 958 2809 993 2850; x_wconf 73' lang='lat' dir='ltr'>p</span> <span class='ocrx_word' id='word_1_335' title='bbox 1024 2796 1038 2850; x_wconf 85' lang='grc' dir='ltr'>ΙΙ</span> <span class='ocrx_word' id='word_1_336' title='bbox 1070 2799 1123 2836; x_wconf 76' lang='grc'>2-2</span> <span class='ocrx_word' id='word_1_337' title='bbox 1159 2793 1254 2836; x_wconf 88' lang='grc'>6010</span> <span class='ocrx_word' id='word_1_338' title='bbox 1286 2792 1451 2849; x_wconf 82' lang='lat' dir='ltr'>pingui</span> <span class='ocrx_word' id='word_1_339' title='bbox 1485 2794 1530 2835; x_wconf 87' lang='lat' dir='ltr'>et</span> <span class='ocrx_word' id='word_1_340' title='bbox 1563 2791 1677 2834; x_wconf 87' lang='lat' dir='ltr'>satis</span> <span class='ocrx_word' id='word_1_341' title='bbox 1710 2791 1817 2834; x_wconf 89' lang='lat' dir='ltr'>sub-</span> 
     </span>
     <span class='ocr_line' id='line_1_38' title="bbox 142 2850 1818 2911; baseline -0.004 -12"><span class='ocrx_word' id='word_1_342' title='bbox 142 2857 246 2899; x_wconf 88' lang='lat' dir='ltr'>acto</span> <span class='ocrx_word' id='word_1_343' title='bbox 267 2870 301 2911; x_wconf 77' lang='lat' dir='ltr'>p</span> <span class='ocrx_word' id='word_1_344' title='bbox 324 2857 338 2911; x_wconf 98' lang='grc' dir='ltr'>ΙΙ</span> <span class='ocrx_word' id='word_1_345' title='bbox 362 2859 417 2897; x_wconf 82' lang='grc'>23</span> <span class='ocrx_word' id='word_1_346' title='bbox 444 2868 633 2897; x_wconf 87' lang='lat' dir='ltr'>arenam</span> <span class='ocrx_word' id='word_1_347' title='bbox 650 2869 737 2910; x_wconf 75' lang='lat' dir='ltr'>pro</span> <span class='ocrx_word' id='word_1_348' title='bbox 764 2853 980 2910; x_wconf 85' lang='lat' dir='ltr'>argillam</span> <span class='ocrx_word' id='word_1_349' title='bbox 999 2855 1017 2896; x_wconf 74' lang='grc' dir='ltr'>-ί</span> <span class='ocrx_word' id='word_1_350' title='bbox 1040 2856 1053 2908; x_wconf 97' lang='grc' dir='ltr'>ΙΙ</span> <span class='ocrx_word' id='word_1_351' title='bbox 1079 2858 1134 2895; x_wconf 71' lang='grc'>24</span> <span class='ocrx_word' id='word_1_352' title='bbox 1157 2852 1321 2908; x_wconf 88' lang='lat' dir='ltr'>pennis</span> <span class='ocrx_word' id='word_1_353' title='bbox 1340 2852 1397 2907; x_wconf 82' lang='lat' dir='ltr'>F,</span> <span class='ocrx_word' id='word_1_354' title='bbox 1422 2850 1670 2907; x_wconf 86' lang='lat' dir='ltr'>perhennis</span> <span class='ocrx_word' id='word_1_355' title='bbox 1693 2851 1729 2907; x_wconf 70' lang='lat' dir='ltr'><em>Q</em></span> <span class='ocrx_word' id='word_1_356' title='bbox 1745 2852 1785 2893; x_wconf 87' lang='grc' dir='ltr'><em>Τ</em></span> <span class='ocrx_word' id='word_1_357' title='bbox 1803 2850 1818 2907; x_wconf 94' lang='grc' dir='ltr'>ΙΙ</span> 
     </span>
     <span class='ocr_line' id='line_1_39' title="bbox 143 2910 1820 2971; baseline -0.004 -13"><span class='ocrx_word' id='word_1_358' title='bbox 143 2920 197 2958; x_wconf 75' lang='lat'>25</span> <span class='ocrx_word' id='word_1_359' title='bbox 233 2915 447 2958; x_wconf 88' lang='lat' dir='ltr'>succurat</span> <span class='ocrx_word' id='word_1_360' title='bbox 474 2914 510 2969; x_wconf 69' lang='lat' dir='ltr'><em>Q</em></span> <span class='ocrx_word' id='word_1_361' title='bbox 538 2914 542 2971; x_wconf 98' lang='grc' dir='ltr'>Ι</span> <span class='ocrx_word' id='word_1_362' title='bbox 572 2913 691 2956; x_wconf 88' lang='lat' dir='ltr'>caeli</span> <span class='ocrx_word' id='word_1_363' title='bbox 723 2916 897 2956; x_wconf 87' lang='lat' dir='ltr'>statum</span> <span class='ocrx_word' id='word_1_364' title='bbox 928 2913 1080 2969; x_wconf 70' lang='lat' dir='ltr'>icccys</span> <span class='ocrx_word' id='word_1_365' title='bbox 1104 2915 1117 2969; x_wconf 95' lang='grc' dir='ltr'>ΙΙ</span> <span class='ocrx_word' id='word_1_366' title='bbox 1143 2917 1196 2954; x_wconf 74' lang='lat'>27</span> <span class='ocrx_word' id='word_1_367' title='bbox 1229 2911 1306 2954; x_wconf 86' lang='lat' dir='ltr'>hic</span> <span class='ocrx_word' id='word_1_368' title='bbox 1340 2910 1485 2954; x_wconf 87' lang='lat' dir='ltr'>caulis</span> <span class='ocrx_word' id='word_1_369' title='bbox 1512 2912 1558 2953; x_wconf 89' lang='lat' dir='ltr'>et</span> <span class='ocrx_word' id='word_1_370' title='bbox 1583 2923 1744 2966; x_wconf 87' lang='lat' dir='ltr'>sapore</span> <span class='ocrx_word' id='word_1_371' title='bbox 1770 2910 1820 2952; x_wconf 84' lang='lat' dir='ltr'><em>E</em></span> 
     </span>
    </p>
   </div>
  </div>
 </body>
</html>
