2072 3145
96 1053 138 1083 10

98 1941 138 1971 20

95 2308 136 2340 25

759 96 954 141 AGRIC.
978 97 1042 140 ΠΙ
1065 101 1237 141 13—16
1773 98 1842 150 85

164 235 295 284 masi,
336 216 523 269 deinde
557 218 737 286 plures
768 218 1058 269 habebunt.
1123 219 1215 270 sed
1245 219 1404 271 huius
1438 218 1652 288 generis
1684 219 1843 271 uinea

164 291 405 343 strictius
446 294 529 343 est
567 292 818 360 putanda.

494 483 592 535 DE
634 481 1033 535 NOVELLAE
1074 481 1509 537 PVTATIONE.

273 585 563 639 Nouellam
610 587 778 639 uitem
819 586 1120 639 Columella
1166 587 1296 638 dicit
1341 606 1370 638 a
1410 587 1585 655 primo
1627 606 1766 640 anno
1829 586 1931 639 XV

164 661 230 712 ad
276 680 439 712 unam
487 661 770 712 materiam
818 678 934 712 esse
980 660 1319 712 formandam
1366 680 1463 713 nec
1502 661 1841 713 recidendam

162 737 351 803 totam,
392 735 532 786 sicut
570 734 762 786 Italiae
804 734 1131 786 consuetudo
1174 738 1271 803 est,
1313 753 1452 787 anno
1488 737 1718 788 secundo
1752 754 1842 787 ex-

160 809 331 877 plet0‚
380 809 506 877 quia
551 809 639 860 uel
687 809 955 861 intereant
1001 809 1142 860 uites
1191 809 1248 860 in
1295 812 1474 861 totum
1515 810 1714 862 recisae
1755 810 1841 862 uel

160 883 445 935 infecunda
485 887 757 934 sarmenta
794 883 1117 951 producant,
1166 901 1301 950 quae
1342 887 1622 951 amputato
1665 884 1840 951 capite

161 957 314 1008 uelut
352 955 688 1025 pampinaria
726 957 787 1009 de
822 957 954 1008 duro
988 960 1257 1025 coguntur
1290 958 1454 1009 exire:
1496 976 1658 1025 quare
1691 959 1843 1009 iuxta
1882 958 1915 1009 2

163 1032 339 1099 ipsam
388 1031 798 1082 commissuram
842 1031 1040 1082 ueteris
1081 1031 1342 1082 sarmenti
1380 1050 1543 1083 unam
1583 1032 1671 1083 uel
1711 1032 1842 1083 duas

167 1122 407 1174 gemmas
441 1105 833 1172 relinquendas7
875 1105 1016 1173 quod
1049 1108 1131 1156 est
1164 1105 1357 1157 merito
1391 1105 1443 1156 in
1479 1106 1705 1157 uiticula
1736 1105 1845 1157 for-

165 1179 302 1230 tiore
344 1179 689 1246 seruandum,
731 1182 783 1230 et
825 1197 951 1230 sane
993 1179 1361 1246 excipiendam
1403 1180 1624 1232 calamis
1664 1179 1846 1231 nouel-

162 1252 272 1303 lam
312 1253 398 1304 uel
440 1253 648 1321 exiguis
688 1253 843 1320 palis,
883 1257 944 1303 ut
983 1252 1146 1304 tertio
1186 1271 1323 1305 anno
1358 1253 1692 1305 robustiores
1726 1271 1842 1321 pos-

164 1326 236 1377 sit
271 1327 524 1394 accipere.
579 1344 706 1377 nam
741 1326 1022 1394 quadrima
1053 1326 1281 1394 nouella,
1314 1326 1408 1378 ubi
1440 1328 1642 1379 laetum
1669 1328 1845 1378 solum
1885 1326 1918 1378 3

119 1422 138 1454 5
165 1404 262 1466 est,
295 1403 406 1452 tres
440 1400 694 1451 materias
730 1400 923 1452 merito
956 1400 1164 1452 nutrire
1200 1404 1436 1470 cogetur.
1501 1401 1689 1452 statim
1719 1405 1846 1469 post

163 1475 503 1542 putationem
550 1477 825 1525 sarmenta
865 1474 1043 1525 decisa
1082 1476 1254 1526 uineis
1295 1478 1348 1526 et
1388 1475 1510 1527 rubi
1551 1478 1604 1527 et
1643 1475 1846 1543 inpedi-

167 1551 410 1600 mentum
449 1547 675 1600 fossoris
719 1565 875 1599 omne
916 1548 1160 1601 tollatur.

656 1739 752 1791 DE
793 1739 1358 1792 PROPAGINIBVS.

269 1843 390 1897 Hoc
429 1845 595 1896 etiam
634 1863 815 1896 mense
847 1847 1225 1914 propagandae
1260 1850 1385 1897 sunt
1417 1847 1575 1898 uites.
1635 1846 1727 1898 sed
1803 1844 1935 1897 XVI

162 1921 318 1969 uetus
362 1922 414 1970 et
454 1937 611 1970 exesa
650 1920 831 1987 uinea,
882 1921 1030 1971 cuius
1075 1920 1391 1971 duramenta
1434 1921 1594 1990 longe
1634 1937 1845 1989 proces-

164 1996 362 2060 serunt,
402 1995 464 2043 ut
505 1991 802 2044 Columella
843 1993 987 2061 dicit,
1028 1995 1228 2063 mergis
1262 1995 1454 2046 melius
1489 1994 1845 2062 reparabitur,

163 2084 322 2133 quam
379 2067 423 2118 si
478 2066 773 2118 infossione
829 2068 998 2118 totius
1055 2069 1294 2136 corporis
1353 2069 1639 2120 obruatur:
1703 2069 1846 2137 quod

162 2139 417 2208 agricolis
451 2144 657 2192 certum
691 2144 773 2191 est
805 2140 1102 2210 displicere.
1158 2160 1403 2211 mergum
1433 2142 1675 2207 dicimus,
1717 2161 1845 2210 quo-

161 2214 302 2265 tiens
342 2215 492 2265 uelut
534 2233 688 2266 arcus
731 2233 892 2282 supra
933 2219 1132 2266 terram
1173 2216 1498 2284 relinquitur
1539 2217 1645 2268 alia
1687 2219 1841 2284 parte

160 2288 289 2339 uitis
329 2288 548 2340 infossa.
611 2307 751 2355 nam,
791 2293 852 2339 ut
893 2288 970 2340 ait
1003 2287 1317 2355 Columella,
1359 2309 1479 2341 cum
1519 2293 1666 2342 totae
1702 2294 1835 2341 stra·
1875 2290 1909 2342 2

284 2422 307 2459 2
342 2416 529 2460 strictus
567 2419 607 2462 G
636 2421 640 2474 Ι
671 2419 908 2474 eputanda
939 2420 985 2461 P
1016 2421 1029 2475 ΙΙ
1069 2424 1093 2462 3
1126 2419 1205 2462 DE
1238 2419 1524 2463 NOUELLA
1553 2414 1845 2462 PVTANDA

166 2476 284 2530 GE,
325 2476 403 2518 DE
437 2476 637 2520 Nouella
675 2478 887 2533 putanda
921 2479 956 2533 ι’,
996 2478 1064 2521 De
1102 2479 1316 2522 nouellae
1349 2478 1460 2521 uitis
1492 2478 1737 2535 putatione
1770 2494 1800 2522 a
1829 2479 1846 2537 Η

165 2539 186 2577 7
221 2535 346 2589 quod
377 2536 427 2578 E
449 2538 462 2591 ΙΙ
487 2540 511 2578 8
544 2537 804 2592 perducant
839 2537 880 2580 G
903 2539 916 2593 Η
942 2542 966 2580 9
998 2538 1125 2580 iusta
1156 2539 1206 2581 E
1227 2540 1240 2594 ΙΙ
1268 2544 1318 2580 11
1354 2537 1550 2580 dicimus
1582 2538 1845 2592 relinquen-

163 2593 246 2636 das
286 2595 355 2649 E,
407 2608 643 2638 censemus
690 2596 770 2640 rel.
814 2611 862 2650 a,
911 2597 1205 2655 [censemus]
1253 2597 1332 2640 rel.
1382 2612 1489 2654 cys,
1537 2596 1845 2651 relinquenda

162 2655 270 2696 sunt
294 2668 330 2708 Ρ
354 2656 367 2709 ΙΙ
394 2658 446 2695 12
482 2654 650 2697 calami
676 2656 719 2697 P
740 2657 753 2710 ΙΙ
781 2660 834 2697 14
865 2656 1099 2699 nouellam
1136 2657 1176 2700 G
1201 2658 1214 2712 Η
1241 2661 1293 2698 15
1326 2656 1544 2699 materies
1578 2657 1620 2699 V
1644 2658 1649 2714 1
1677 2655 1843 2699 merito

161 2726 243 2756 om.
270 2713 320 2755 E
345 2714 350 2769 Ι
380 2726 564 2756 seruare
587 2728 676 2769 Ρνο
708 2714 885 2756 nutrire
910 2717 983 2771 ΡΗ
1010 2721 1062 2758 16
1099 2715 1148 2757 in
1181 2718 1415 2758 sarmenta
1434 2730 1469 2771 Ρ
1498 2718 1500 2773 l
1532 2729 1558 2758 a
1590 2714 1738 2758 uineis
1771 2716 1842 2769 ia,

162 2784 190 2813 a
221 2772 324 2815 incl.
351 2786 438 2828 cys
466 2774 471 2828 Ι
498 2771 833 2828 impedimenta
851 2788 886 2828 Ρ
910 2776 924 2829 Η
950 2779 1002 2816 17
1039 2788 1172 2817 omne
1204 2788 1284 2817 om.
1307 2789 1342 2829 Ρ
1365 2776 1378 2830 Η
1405 2779 1458 2817 19
1491 2776 1626 2817 uetus
1653 2789 1734 2818 om.
1759 2775 1807 2816 E
1829 2774 1844 2831 Η

163 2835 217 2872 20
249 2830 387 2887 longe
419 2845 500 2874 om.
527 2832 576 2874 E
613 2834 626 2887 Η
668 2836 722 2874 23
757 2831 952 2887 displice
988 2833 1024 2889 Q
1062 2836 1076 2890 Η
1113 2838 1167 2875 25
1200 2836 1302 2876 tota
1334 2835 1405 2876 est
1434 2836 1566 2876 ratae
1598 2835 1708 2889 ΡΥ,
1740 2835 1844 2876 tota

162 2891 233 2932 est
261 2892 386 2932 recte
418 2891 481 2945 L,
515 2892 613 2933 tote
647 2890 849 2933 extincte
882 2892 940 2946 F,
972 2894 1075 2935 tota
1108 2895 1177 2935 est
1210 2895 1440 2936 cratera-te
1467 2908 1503 2949 Ρ
