2014 3169
824 125 1020 169 Aemo.
1045 126 1066 168 1
1092 130 1264 169 18—20
1818 129 1887 181 23

202 246 501 316 profutura.
565 246 704 298 nihil
736 250 917 298 tamen
955 248 1289 299 commodius
1323 248 1425 299 erit
1458 248 1549 300 diu
1582 248 1887 301 custodien-

203 321 283 372 dis
331 320 640 387 frumentiS,
694 339 855 389 quam
903 321 949 372 si
997 339 1060 372 ex
1106 321 1242 372 areis
1283 321 1339 373 in
1380 322 1609 374 alterum
1648 322 1888 375 uicinum

202 395 382 447 locum
421 394 697 446 transfusa
737 394 1127 464 refrigerentur
1168 394 1459 463 aliquantis
1502 397 1688 448 diebus
1723 401 1886 465 atque

201 469 279 520 ita
332 467 540 520 horreis
597 469 914 520 inferantur.
990 471 1157 538 negat
1215 468 1514 521 Columella
1572 471 1886 522 uentilanda
1927 473 1955 522 :7

160 560 316 599 5esse
363 541 658 611 frumenta,
713 543 837 610 quia
884 542 1058 612 magis
1107 542 1401 594 miscentur
1448 544 1702 596 animalia
1751 546 1884 597 totis

201 616 420 668 aceruis,
493 634 627 684 quae
669 616 715 668 si
754 634 863 668 non
903 620 1246 685 moueantur,
1294 616 1351 668 in
1391 619 1701 670 summitate
1741 619 1887 670 intra

205 708 508 742 mensuram
539 690 707 758 palmi
742 690 1041 742 subsistent
1074 693 1126 742 et
1149 690 1251 742 hoc
1276 691 1426 743 uelut
1454 696 1708 760 corrupto
1737 693 1883 745 corio

206 767 379 816 cetera
418 764 623 816 inlaesa
662 765 949 816 durabunt.
1013 764 1213 816 adserit
1252 764 1394 816 idem
1432 767 1596 818 noxia
1630 767 1886 818 animalia

203 838 344 890 ultra
376 839 708 906 praedictam
740 857 1048 890 mensuram
1080 856 1190 890 non
1216 856 1374 907 posse
1401 840 1662 908 generari.
1716 841 1884 893 herba

137 937 178 967 ιο
205 930 400 981 conyza
440 912 595 979 sicca,
635 915 696 964 ut
736 910 928 964 Graeci
970 913 1239 981 adserunt,
1279 914 1556 965 substrata
1596 914 1882 966 frumentis

204 987 348 1038 addit
375 985 557 1040 aetati.
599 987 664 1038 ab
690 986 898 1038 horreis
924 989 1106 1038 tamen
1131 990 1314 1038 auster
1336 1006 1450 1040 esse
1470 989 1627 1040 debet
1646 1006 1880 1041 auersus.

672 1178 769 1230 DE
815 1178 985 1230 OLEI
1023 1177 1406 1232 FAOTORIO.

310 1281 518 1334 Olearis
568 1282 702 1335 cella
751 1281 1058 1333 meridianis
1110 1282 1181 1334 sit
1223 1282 1433 1334 obiecta
1473 1283 1719 1351 partibus
1765 1287 1819 1335 et
1866 1284 1970 1335 XX

201 1359 387 1408 contra
440 1356 614 1426 frigus
671 1356 901 1423 munita,
956 1359 1018 1406 ut
1068 1355 1149 1406 illi
1196 1375 1290 1424 per
1338 1357 1639 1424 specularia
1688 1358 1881 1410 debeat

133 1455 172 1486 15
198 1431 379 1482 lumen
435 1430 665 1482 admitti.
743 1431 821 1481 ita
877 1432 930 1480 et
982 1448 1194 1497 operaS,
1251 1449 1385 1498 quae
1437 1430 1613 1484 hieme
1665 1431 1878 1484 futurae

199 1508 347 1572 sunt,
385 1504 566 1556 nullus
608 1504 762 1574 algor
802 1504 1061 1572 inpediet:
1104 1508 1158 1555 et
1199 1504 1391 1571 oleum,
1431 1523 1551 1556 cum
1591 1510 1880 1575 premetur,

195 1579 369 1630 iutum
409 1578 687 1646 teporibus
728 1578 931 1647 frigore
968 1595 1077 1629 non
1115 1578 1322 1630 ualebit
1357 1578 1637 1649 adstringi.
1702 1584 1878 1648 trape-

195 1653 266 1704 tis
309 1656 363 1704 et
401 1653 596 1704 rotulis
639 1655 691 1704 et
731 1653 879 1720 prelo
919 1655 1048 1703 nata
1089 1656 1171 1704 est
1211 1652 1406 1722 forma,
1456 1672 1617 1721 quam
1662 1672 1879 1707 consue-

194 1727 324 1779 tudo
358 1726 598 1779 dictauit.
661 1726 1001 1793 receptacula
1035 1725 1138 1778 olei
1172 1744 1382 1795 semper
1414 1729 1612 1779 munda
1646 1728 1770 1797 sint,
1809 1747 1875 1780 ne

126 1826 169 1856 20
194 1819 365 1853 nouos
411 1818 628 1869 sapores
670 1800 870 1852 infecta
909 1800 1080 1851 ueteri
1120 1818 1342 1852 rancore
1385 1806 1747 1870 corrumpant.
1820 1806 1875 1854 at

195 1875 240 1925 si
282 1875 401 1942 quis
442 1873 634 1926 maiori
675 1873 985 1943 diligentiae
1027 1874 1231 1940 studet,
1280 1875 1536 1927 subiectis
1585 1876 1711 1928 hinc
1752 1875 1873 1928 inde

193 1948 452 2000 cuniculis
493 1948 806 2016 pauimenta
846 1948 1138 2016 suspendat
1178 1952 1232 1999 et
1264 1949 1446 2018 ignem
1480 1953 1739 2019 suggerat
1770 1949 1876 2002 for-

191 2039 320 2074 nace
362 2040 632 2074 succensa.
703 2022 782 2073 ita
820 2040 986 2090 purus
1028 2022 1172 2074 calor
1212 2023 1316 2074 olei
1357 2023 1549 2075 cellam
1590 2024 1704 2076 sine
1737 2024 1873 2076 fumi

312 2217 333 2254 1
368 2211 500 2254 Nihil
530 2214 689 2255 tamen
722 2211 802 2253 diu
834 2211 1152 2255 custodiendis
1189 2212 1433 2255 frumentis
1467 2213 1752 2256 commodius
1786 2214 1875 2258 eiit

188 2272 352 2336 iacys
397 2273 410 2327 ΙΙ
459 2276 483 2313 3
509 2271 663 2314 locum
694 2270 897 2314 vicinum
929 2272 1111 2328 Εαο93
1157 2274 1170 2327 ΙΙ
1217 2278 1244 2315 4
1275 2271 1325 2313 in
1360 2271 1536 2314 horreis
1569 2273 1619 2315 E
1655 2276 1668 2329 ΙΙ
1710 2278 1734 2316 7
1768 2274 1874 2317 sub-

190 2328 363 2373 sistunt
394 2331 437 2373 V
475 2334 480 2384 Ι
523 2330 665 2373 uelud
701 2330 737 2386 Q
783 2333 795 2385 ΙΙ
844 2335 868 2373 8
909 2330 957 2372 111
998 2330 1116 2374 lates
1151 2331 1416 2374 adm-abunt
1453 2332 1488 2387 Q
1532 2333 1536 2389 Ι
1582 2332 1780 2375 asseruit
1814 2334 1829 2375 ι’
1859 2334 1873 2391 Ι

192 2393 246 2431 10
281 2403 455 2444 conyza
487 2390 707 2446 FEcys,
742 2389 905 2432 coniza
936 2391 1067 2433 ceteri
1112 2393 1125 2446 ΙΙ
1175 2395 1226 2432 11
1263 2389 1426 2432 addita
1459 2390 1606 2433 aetati
1638 2392 1753 2448 LQ,
1792 2392 1871 2434 ad-

189 2447 318 2490 ditur
352 2449 406 2504 G,
441 2451 645 2492 aetatem
677 2449 726 2491 E
775 2450 778 2503 Ι
832 2449 971 2492 debet
1007 2463 1107 2492 esse
1140 2449 1340 2493 SGEis
1391 2451 1396 2506 Ι
1447 2449 1669 2492 aduersus
1708 2451 1828 2507 QEz

192 2512 246 2549 14
280 2507 521 2551 obmunita
539 2523 588 2563 p,
620 2507 802 2550 minuta
830 2508 871 2551 G
900 2510 905 2565 Ι
934 2508 1074 2551 debet
1102 2509 1143 2552 G
1167 2510 1180 2564 ΙΙ
1208 2514 1259 2551 15
1285 2507 1432 2564 frigus
1458 2510 1563 2564 (pro
1588 2509 1761 2565 lumen)
1786 2511 1859 2552 E

191 2570 244 2609 16
277 2566 432 2609 11111101·
462 2567 528 2609 L1
571 2569 576 2624 Ι
621 2566 948 2623 comprimetur
981 2568 1031 2621 V,
1074 2567 1402 2623 compremitur
1438 2568 1491 2621 G,
1529 2583 1555 2609 v
1587 2574 1627 2611 et
1659 2582 1682 2611 e
1714 2583 1869 2624 supra

118 2645 123 2650 ·
188 2639 294 2668 cum
324 2628 591 2691 prementur
623 2627 681 2681 F,
723 2641 827 2668 cum
864 2625 1090 2682 premitur
1121 2628 1171 2669 E
1192 2629 1205 2682 ΙΙ
1232 2632 1284 2669 17
1319 2603 1529 2668 iunctuin
1561 2627 1611 2681 V
1645 2642 1778 2670 usum
1814 2629 1867 2683 G,

187 2683 288 2728 iuto
314 2685 358 2738 S,
384 2684 541 2728 iuncto
567 2686 626 2740 E,
656 2685 870 2728 adiutum
894 2687 1048 2742 iacys
1077 2688 1081 2741 Ι
1110 2685 1398 2741 temporibus
1417 2663 1625 2741 LQFJ}
1646 2689 1659 2741 ΙΙ
1687 2691 1739 2729 18
1765 2701 1869 2753 pro-

187 2742 352 2786 lanata
383 2745 442 2797 F,
475 2721 637 2787 natam
675 2745 730 2801 Q,
763 2747 876 2787 nota
907 2744 1052 2788 SGE
1078 2748 1083 2800 Ι
1113 2758 1211 2787 esse
1248 2745 1284 2800 Q
1313 2746 1316 2800 Ι
1345 2744 1542 2787 formam
1574 2745 1735 2801 LQV,
1771 2746 1868 2789 eius

186 2801 337 2845 forma
368 2804 386 2845 z·
424 2806 438 2858 ΙΙ
480 2808 550 2846 19·
567 2803 767 2846 dictabit
799 2803 1225 2859 LQVSTGFEz'
1271 2806 1283 2858 ΙΙ
1332 2807 1386 2845 ‘20
1418 2817 1539 2846 nouo
1573 2818 1736 2860 sapore
1768 2806 1824 2848 ia
1860 2807 1863 2852 ἓ

186 2860 389 2905 bancore
422 2863 471 2905 E
512 2865 516 2919 Ι
562 2865 913 2918 coir-umpanuu
944 2879 960 2905 2
997 2866 1001 2919 Ι
1043 2878 1095 2906 ac
1128 2863 1309 2905 LGEz
1347 2865 1359 2918 ΙΙ
1400 2867 1453 2904 21
1489 2863 1689 2906 subiciat
1722 2864 1857 2907 FE

187 2924 242 2962 23
275 2920 401 2965 fumo
434 2922 483 2964 E
