2072 3145
743 131 938 176 AGRIC.
961 132 1005 175 Π
1030 137 1201 175 14-—15
1738 132 1805 184 61

129 254 324 323 quibus
374 253 704 322 adscriptum
752 256 848 304 est.
925 252 1027 305 hoc
1076 253 1239 304 etiam
1289 271 1470 305 mense
1519 253 1706 305 allium
1754 257 1807 305 et

127 329 365 397 ulpicum
413 328 547 379 bene
597 330 823 380 seretur:
873 327 965 378 sed
1012 325 1138 378 allio
1188 327 1312 378 alba
1358 330 1503 378 terra
1545 327 1808 395 proficiet.

784 577 881 630 DE
922 576 1155 630 POMIS.

242 695 492 749 SORBA.
533 696 715 749 Mense
740 696 999 759 ianuario,
1024 696 1297 747 februario
1328 699 1382 747 et
1407 696 1604 748 martio
1630 696 1762 748 locis
1797 695 1899 749 XV

84 792 104 824 5
129 770 358 840 frigidiS,
401 771 587 823 calidis
620 789 748 823 uero
784 770 993 822 octobri
1027 773 1081 821 et
1112 769 1397 821 nouembri
1430 769 1593 821 sorba
1625 788 1809 821 serun-

129 849 220 896 tur
268 844 506 914 egregie,
552 845 631 896 ita
677 848 738 896 ut
784 848 998 896 matura
1044 844 1102 895 in
1149 843 1438 895 seminario
1485 844 1605 911 ipsa
1647 862 1811 910 poma

126 922 452 988 pangantur.
507 936 606 988 ego
642 921 892 987 expertus
928 937 1046 969 sum
1071 918 1272 969 multas
1299 918 1518 969 arbores
1545 936 1608 969 ex
1631 917 1808 985 pomis

129 997 319 1060 sponte
363 993 676 1062 progenitas
717 996 771 1044 et
809 992 866 1043 in
907 992 1189 1044 crescendo
1232 994 1286 1043 et
1324 991 1381 1043 in
1420 991 1638 1043 ferendo
1680 992 1810 1043 exti-

129 1066 262 1118 tisse
310 1067 507 1119 felices.
584 1066 798 1134 plantas
847 1066 1012 1118 etiam
1061 1066 1106 1118 si
1156 1065 1275 1133 quis
1317 1083 1515 1133 ponere
1555 1065 1808 1133 uoluerit,
1849 1069 1883 1120 2

63 1163 104 1192 ιο
129 1139 353 1192 habebit
404 1140 711 1207 arbitrium,
759 1141 1046 1192 dummodo
1096 1139 1283 1191 calidis
1324 1139 1458 1192 locis
1498 1158 1679 1191 mense
1719 1158 1809 1191 no-

131 1214 365 1283 uembri,
419 1214 735 1282 temperatis
790 1214 1034 1266 ianuario
1089 1213 1176 1265 uel
1231 1213 1532 1281 februario,
1594 1213 1808 1282 frigidis

129 1288 325 1340 martio
374 1288 667 1340 inclinante
716 1288 982 1356 disponat.
1061 1291 1207 1339 amat
1251 1287 1371 1338 loca
1409 1288 1613 1355 umida,
1663 1305 1811 1339 mon-

130 1366 259 1414 tana
299 1364 352 1413 et
390 1361 603 1431 frigidis
643 1362 910 1430 proxima,
952 1360 1126 1413 solum
1165 1361 1608 1430 pinguissimum:
1658 1361 1808 1413 cuius

131 1435 387 1488 indicium
445 1436 806 1487 certissimum
859 1435 1017 1504 facit,
1080 1435 1125 1487 31
1179 1435 1430 1502 frequens
1486 1434 1810 1503 ubicumque

66 1532 105 1564 15
130 1513 401 1562 nascatur.
469 1510 657 1578 planta
696 1513 778 1561 est
818 1509 1190 1561 transferenda
1229 1509 1518 1577 robustior,
1564 1509 1811 1561 scrobem

132 1583 400 1636 desiderat
448 1584 697 1636 altiorem
745 1587 798 1635 et
849 1585 1026 1651 spatia
1080 1583 1339 1652 largiora,
1392 1586 1475 1650 ut,
1532 1583 1675 1650 quod
1729 1583 1811 1633 illi

131 1657 361 1709 maxime
408 1657 652 1726 prodest,
700 1676 730 1709 a
776 1658 953 1709 uentis
993 1657 1366 1725 frequentibus
1408 1657 1616 1726 agitata
1656 1675 1811 1726 gran-

131 1732 327 1784 descat.
391 1731 436 1782 si
475 1750 684 1783 uermes
724 1732 962 1799 patietur
1000 1731 1245 1796 infestOS,
1287 1731 1379 1799 qui
1418 1732 1475 1782 in
1514 1749 1576 1782 ea
1615 1731 1717 1782 rufi
1750 1749 1810 1782 ac
1851 1735 1883 1787 3

130 1805 296 1874 pilosi
337 1806 511 1857 solent
551 1805 813 1857 medullae
853 1806 1067 1858 interna
1107 1805 1324 1873 sectari,
1374 1804 1582 1874 aliquos
1624 1823 1687 1856 ex
1724 1804 1810 1856 his

64 1903 106 1933 20
132 1878 245 1931 sine
308 1879 516 1931 arboris
570 1878 768 1931 iniuria
822 1880 1092 1932 detractos
1148 1879 1327 1930 uicino
1385 1897 1680 1931 crememus
1735 1879 1814 1930 in-

132 1953 334 2006 cendic.
414 1953 704 2005 creduntur
749 1953 853 2005 hoc
902 1971 1094 2023 genere
1142 1953 1229 2004 uel
1269 1953 1454 2022 fugere
1495 1953 1582 2004 uel
1621 1951 1812 2020 perire.

132 2026 178 2078 si
226 2027 403 2079 minus
450 2027 590 2079 ferre
640 2027 897 2096 coeperit,
945 2028 1100 2079 tedae
1146 2045 1343 2078 cuneus
1386 2027 1499 2078 eius
1540 2027 1812 2079 radicibus

129 2100 398 2152 inseratur
430 2101 516 2153 uel
551 2101 691 2153 circa
723 2102 973 2153 ultimam
1004 2105 1215 2170 partem
1246 2101 1393 2152 fossa
1424 2102 1569 2154 facta
1595 2101 1810 2152 cumulo

130 2175 332 2244 ingesti
389 2174 581 2227 cineris
639 2170 981 2243 adaequetur.
1060 2193 1240 2227 mense
1298 2175 1456 2243 aprili
1513 2175 1674 2226 sorba
1729 2175 1812 2226 in-
1853 2179 1889 2229 4

252 2341 273 2377 1
311 2335 566 2391 ascriptum
596 2336 646 2378 E
687 2336 691 2391 j
735 2335 813 2377 DE
846 2335 986 2379 ALIO
1018 2335 1096 2378 ET
1128 2335 1341 2379 VLPICO
1375 2337 1460 2379 ins.
1487 2336 1537 2378 E
1570 2337 1575 2392 l
1619 2338 1665 2378 et
1695 2335 1815 2391 ulpi-

133 2408 238 2437 cum
270 2408 352 2437 om.
374 2409 410 2449 p
455 2397 469 2450 ΙΙ
517 2400 540 2437 2
576 2394 744 2437 seritur
773 2395 1026 2452 TVz‘acys
1072 2399 1084 2451 ΙΙ
1133 2400 1157 2437 3
1189 2395 1268 2437 DE
1313 2395 1458 2438 Sorbo
1498 2395 1690 2438 serendo
1723 2394 1812 2449 ΕΞ,

132 2453 211 2495 DE
237 2452 413 2496 Pomis:
446 2453 495 2495 in
528 2467 580 2496 00
615 2454 670 2496 de
706 2454 842 2497 sorbo
876 2454 1125 2511 amygdalo
1156 2467 1274 2497 nuce
1305 2453 1529 2511 iuglande
1555 2454 1592 2496 &
1617 2453 1814 2496 caeteris

131 2511 280 2569 pomis
321 2514 359 2566 τ’,
423 2512 489 2555 De
536 2512 707 2569 pomis,
755 2513 804 2555 in
852 2526 904 2556 eo
936 2519 1012 2557 etc.
1047 2529 1089 2568 a,
1138 2513 1205 2556 De
1252 2513 1421 2569 pomis,
1472 2513 1606 2556 sorbo
1640 2519 1714 2556 etc.
1747 2527 1768 2556 s
1800 2513 1815 2570 il

131 2578 160 2615 4
193 2570 388 2614 SORBA
420 2585 501 2615 om.
535 2573 632 2615 edd.
673 2574 687 2628 ΙΙ
727 2577 751 2614 ὃ
786 2571 951 2615 calidis
983 2586 1092 2616 uero
1126 2587 1206 2616 om.
1228 2588 1263 2628 p
1301 2575 1315 2628 ΙΙ
1355 2578 1379 2616 6
1414 2571 1628 2629 egregiae
1670 2573 1739 2628 Vl
1769 2574 1816 2615 et

131 2633 302 2674 natura
327 2645 363 2686 p
402 2632 415 2686 ΙΙ
457 2635 479 2672 7
513 2634 811 2687 panguantur
844 2632 889 2674 P
923 2634 937 2688 ΙΙ
976 2636 1001 2674 8
1035 2632 1228 2675 301011ᾰο
1260 2633 1310 2674 Ε
1346 2634 1360 2687 ΙΙ
1400 2637 1424 2675 9
1462 2631 1565 2686 quis
1607 2645 1688 2674 om.
1722 2632 1772 2674 E
1801 2631 1815 2662 ¹¹

136 2695 188 2733 12
222 2688 385 2732 umida
410 2703 491 2733 om.
512 2705 548 2744 p
571 2692 585 2745 ΙΙ
611 2695 664 2732 13
699 2694 745 2733 et
770 2690 918 2733 solum
942 2705 1021 2745 as,
1055 2691 1140 2748 [et]
1168 2691 1316 2734 solum
1340 2705 1399 2747 <39
1423 2693 1436 2747 ΙΙ
1464 2696 1517 2733 14
1541 2689 1713 2744 ubique
1736 2691 1778 2734 G-
1800 2660 1815 2765 Η

136 2753 189 2791 15
221 2749 462 2792 referenda
493 2749 543 2791 E
565 2752 578 2805 ΙΙ
605 2755 657 2792 16
691 2749 863 2792 latiora
892 2750 954 2804 E,
986 2749 1199 2806 longiora
1231 2765 1252 2793 0
1277 2753 1290 2806 ΙΙ
1317 2756 1367 2792 17
1401 2749 1602 2792 maxime
1635 2764 1716 2793 om.
1751 2751 1769 2792 z·
1800 2767 1815 2807 Η

136 2813 188 2851 19
222 2807 408 2850 interna
438 2808 672 2851 medullae
705 2822 859 2851 secare
891 2810 941 2851 E
968 2811 982 2865 Η
1022 2814 1077 2852 20
1109 2808 1282 2851 iniuria
1315 2808 1490 2852 arboris
1523 2809 1572 2851 Ε
1600 2811 1614 2865 Η
1654 2814 1708 2851 22
1742 2822 1816 2852 00-

132 2866 255 2923 perit
290 2867 331 2911 G
359 2868 364 2924 Ι
392 2867 530 2910 taede
563 2868 724 2924 PQG,
757 2868 924 2911 taedae
957 2869 1001 2911 V
1026 2871 1039 2924 Η
1073 2873 1126 2910 23
1158 2871 1340 2924 partem
1372 2867 1586 2911 ultimam
1617 2869 1769 2925 iacys
1800 2868 1815 2925 ἑξ

135 2931 191 2969 24
222 2925 405 2982 ingenti
445 2925 620 2969 cineres
652 2927 702 2969 Ε
