2072 3145
764 138 960 183 AGRIC.
985 139 1049 182 XI
1076 142 1247 182 19—23
1737 137 1808 189 23
1818 138 1844 188 1

716 305 813 357 DE
855 303 1011 356 VVA
1050 302 1294 357 PASSA.

274 409 451 461 Vuam
482 428 696 478 passam
724 426 970 478 graecam
1001 407 1077 459 sic
1102 407 1282 460 facies
1323 406 1561 459 melioris
1589 406 1728 458 acini
1775 404 1935 457 XXII

165 488 219 536 et
265 484 434 535 dulcis
484 487 538 535 et
585 483 751 536 lucidi
799 483 1092 551 botryones
1140 482 1197 533 in
1244 481 1364 550 ipsa
1410 480 1521 533 uite
1565 480 1846 549 torquebis

165 562 219 610 et
259 557 480 626 patieris
524 559 714 626 sponte
755 574 1099 623 marcescere,
1140 554 1328 607 deinde
1363 555 1606 607 sublatos
1647 553 1704 606 in
1735 572 1847 605 um-

118 652 139 685 5
164 633 260 684 bra
286 631 576 700 suspendes
603 635 657 683 et
687 649 849 682 uuam
873 628 1189 682 destrictam
1222 647 1344 681 cum
1373 647 1541 697 pones
1575 628 1630 680 in
1661 646 1847 680 uascu-

162 707 244 774 lis,
279 706 589 758 substernes
614 704 898 774 pampinos
925 704 1066 756 sicco
1095 704 1279 773 algore
1311 702 1571 772 frigentes
1606 705 1659 754 et
1683 721 1848 754 manu

165 780 467 848 conprimes
495 782 561 848 et,
601 779 697 843 ubi
728 796 825 830 uas
857 778 1163 846 inpleueris‚
1204 777 1335 829 item
1367 776 1650 845 pampinos
1686 776 1846 828 addes

162 855 333 906 nihilo
380 854 558 905 minus
604 871 715 905 non
763 852 996 904 calentes
1047 856 1101 904 et
1150 851 1490 919 operculabis
1539 869 1600 903 ac
1640 853 1848 902 statues

163 927 220 979 in
258 928 377 980 loco
418 927 617 996 frigido
659 928 814 994 siccO,
855 944 1014 994 quem
1053 926 1233 978 nullus
1273 924 1452 977 fumus
1493 924 1730 978 infestet.

98 1141 139 1173 10
818 1118 917 1171 DE
958 1115 1197 1170 HORIS.

277 1221 512 1306 October
551 1223 809 1275 martium
850 1221 1120 1274 similibus
1161 1220 1366 1272 umbris
1409 1219 1513 1271 sibi
1552 1218 1682 1271 fecit
1749 1217 1937 1271 XXIII

166 1316 399 1366 aequari.

490 1400 643 1452 Hora
900 1398 927 1450 I
1063 1398 1224 1466 pedes
1347 1395 1524 1463 XXV,

490 1475 624 1526 hora
874 1473 928 1524 Π
1062 1472 1223 1541 pedes
1399 1469 1498 1522 XV
1514 1513 1525 1536 ‚

100 1569 140 1601 15
490 1548 625 1600 hora
846 1546 928 1598 III
1062 1546 1224 1615 pedes
1427 1543 1503 1596 XI
1514 1587 1528 1613 7

490 1621 624 1674 hora
815 1619 929 1673 IIII
1063 1620 1224 1689 pedes
1370 1618 1525 1686 VIII,

490 1696 626 1747 hora
878 1693 928 1745 V
1064 1694 1225 1761 pedes
1424 1691 1526 1759 VI,

491 1769 625 1821 hora
847 1768 926 1819 Vl
1063 1767 1224 1835 pedes
1453 1765 1525 1832 V,

490 1843 626 1895 hora
820 1841 926 1894 VII
956 1857 960 1859 “
1063 1841 1224 1909 pedes
1423 1839 1504 1890 VI
1515 1882 1528 1908 ‚

100 1939 143 1970 20
491 1916 626 1968 hora
794 1915 928 1967 VIII
1063 1915 1224 1982 pedes
1368 1912 1525 1980 VIII,

491 1991 627 2042 hora
762 1989 928 2041 VIIII
1063 1989 1224 2057 pedes
1426 1987 1526 2054 XI,

491 2064 626 2116 hora
878 2063 928 2114 X
1063 2063 1224 2131 pedes
1398 2060 1498 2113 XV
1514 2103 1527 2129 7

491 2138 627 2190 hora
848 2137 927 2189 XI
1063 2136 1223 2204 pedes
1354 2134 1524 2187 XXV.

259 2289 284 2327 3
313 2298 366 2327 ac
389 2283 535 2326 lucidi
561 2284 651 2327 SE
677 2286 681 2340 ί
710 2282 946 2325 botriones
972 2281 1110 2325 ΓΒΕ
1135 2283 1140 2337 Ι
1168 2280 1270 2323 uita
1287 2281 1329 2324 L
1354 2282 1367 2335 ΙΙ
1392 2280 1650 2322 inarescere
1669 2278 1848 2337 iacqsl

169 2343 434 2386 inumbram
474 2343 517 2385 V
535 2345 549 2399 ΙΙ
575 2348 598 2386 5
635 2341 877 2398 suspendis
909 2343 1057 2385 omnies
1086 2348 1090 2392 ξ
1121 2339 1383 2382 districtam
1415 2339 1506 2383 SE
1518 2339 1557 2381 T
1565 2339 1614 2380 F
1623 2338 1710 2391 Gi,
1746 2351 1852 2380 con-

170 2402 383 2445 strictam
415 2416 541 2458 acys
580 2404 584 2458 Ι
626 2400 846 2457 conponis
879 2401 972 2443 PL
990 2399 1211 2454 VGTF,
1257 2398 1493 2454 componis
1525 2397 1706 2452 SEps,
1748 2410 1853 2439 cum

169 2460 303 2517 ponis
336 2462 460 2517 iacy
483 2466 496 2517 Η
521 2466 545 2503 6
580 2459 836 2504 substernis
871 2473 1018 2503 onmes
1041 2461 1056 2516 ΙΙ
1089 2464 1111 2501 7
1148 2457 1397 2513 conprimis
1429 2454 1730 2514 (comprimis)
1762 2469 1851 2498 om-

169 2534 247 2563 nes
289 2521 295 2577 Ι
340 2519 472 2562 addis
506 2533 653 2564 onmes
684 2522 697 2575 ΙΙ
739 2525 789 2562 11
827 2518 1028 2562 octobris
1061 2519 1111 2561 E
1158 2519 1163 2573 Ι
1220 2516 1346 2559 horis
1378 2516 1428 2558 E
1464 2518 1478 2571 ΙΙ
1520 2521 1574 2558 14
1605 2515 1750 2557 habet
1780 2515 1851 2557 in-

169 2580 279 2624 serit
309 2579 359 2621 E
380 2581 393 2635 Η
422 2584 472 2622 15
504 2579 646 2634 pedes
678 2579 784 2621 XIII
819 2578 859 2621 G
886 2581 899 2633 Η
926 2582 978 2620 17
1010 2578 1152 2633 pedes
1186 2576 1227 2618 V
1262 2575 1303 2618 G
1327 2578 1340 2630 ss
1368 2580 1419 2618 18
1452 2574 1592 2630 pedes
1625 2573 1688 2615 VI
1722 2573 1764 2617 G
