2014 3169
144 151 251 203 100
838 150 1121 194 PALLADH

143 276 367 342 argutos
425 289 658 340 sapores.
746 289 1004 341 generum
1058 273 1352 325 uarietates
1404 274 1595 342 exequi
1643 292 1824 343 super-

141 365 374 399 uacuum
427 349 586 414 put0,
650 364 771 398 cum
824 344 882 396 in
935 347 1195 414 ponendis
1252 347 1338 399 uel
1394 348 1695 400 excolendis
1752 348 1824 400 sit

140 421 290 473 nulla
339 420 612 472 distantia.
691 419 737 471 si
784 419 1041 489 languida
1088 421 1248 472 arbor
1295 424 1378 473 est
1423 421 1551 489 piri,
1599 422 1685 474 uel
1734 423 1825 474 ob-

143 496 425 563 laqueatae
474 494 710 546 radicem
750 494 991 545 terebras
1033 497 1086 546 et
1124 493 1200 546 ibi
1240 495 1480 564 ligneum
1518 496 1703 563 palum
1741 496 1826 548 de-

142 569 332 637 primis
365 568 453 620 uel
481 568 537 619 in
562 572 751 619 trunco
778 567 1029 633 similiter
1054 569 1328 620 terebrato
1359 586 1423 620 ex
1447 570 1571 621 teda
1597 588 1825 622 cuneum
1872 591 1891 623 5

73 644 107 696 5
147 643 270 712 figis
308 643 410 710 uel,
452 642 497 694 si
528 642 632 694 hoc
664 641 818 708 desit,
860 661 923 693 ex
957 660 1169 710 quercu.
1228 661 1438 695 uermes
1471 643 1584 695 eius
1617 644 1826 696 arboris

148 721 201 769 et
248 717 365 769 nati
412 720 673 768 necantur
715 720 769 767 et
808 715 957 768 nasci
996 716 1355 784 prohibentur
1395 717 1663 769 radicibus
1703 717 1827 770 felle

145 791 362 843 taurino
410 790 722 859 frequenter
778 789 985 842 infusis
1075 791 1208 842 item
1264 790 1406 842 feces
1461 791 1576 842 uini
1628 790 1828 843 ueteris

143 869 402 934 recenteS,
437 865 483 917 si
515 864 787 916 radicibus
823 863 1184 916 adfundantur
1215 883 1311 932 per
1342 865 1596 932 triduum,
1628 865 1829 918 diutius

72 941 104 993 6
146 941 366 992 arbores
407 939 463 991 in
503 938 730 991 floribus
771 938 1016 990 laborare
1056 957 1165 990 non
1204 938 1423 991 faciunt.
1503 939 1544 990 si
1588 939 1831 1007 lapidosa
1857 961 1898 992 10

143 1014 293 1083 pirus
336 1017 433 1081 est,
475 1014 540 1065 ab
583 1013 837 1065 extremis
878 1012 1148 1065 radicibus
1186 1016 1387 1065 terram
1419 1013 1654 1081 priorem
1685 1013 1827 1065 leua-

144 1088 226 1140 bis
277 1095 331 1139 et
379 1105 620 1139 secernes
671 1105 854 1138 omnes
894 1086 1134 1155 lapillos:
1185 1087 1379 1155 quibus
1421 1087 1710 1156 diligenter
1750 1106 1827 1140 re-

144 1162 308 1215 motis
359 1162 586 1214 alteram
633 1165 835 1213 terram
881 1161 1056 1213 cribro
1099 1165 1302 1213 cretam
1341 1161 1397 1212 in
1437 1161 1557 1214 loco
1598 1161 1711 1214 eius
1751 1161 1827 1213 in-

69 1239 98 1290 7
142 1237 348 1289 fundes.
413 1237 503 1288 sed
535 1236 639 1287 hoc
670 1235 924 1304 proderit,
960 1235 1006 1286 si
1037 1235 1216 1304 rigare
1249 1253 1357 1287 non
1392 1253 1578 1288 cesses.
1643 1254 1825 1288 mense

141 1310 414 1364 februario
456 1314 510 1362 et
550 1310 745 1362 martio
786 1309 935 1378 pirus
977 1309 1234 1361 inseritur
1273 1328 1437 1377 more,
1479 1328 1583 1377 quo
1624 1310 1827 1362 dictum
1854 1331 1894 1363 15

144 1389 247 1454 est,
289 1404 417 1438 cum.
460 1386 521 1437 de
573 1384 829 1436 insitione
876 1384 1242 1452 loqueremur,
1293 1385 1391 1435 sub
1426 1383 1642 1454 'cortice
1684 1387 1737 1436 et
1776 1385 1834 1436 in

143 1464 347 1512 trunco.
425 1458 683 1511 inseritur
733 1461 913 1509 autem
960 1456 1079 1525 piro
1123 1458 1351 1527 agresti,
1400 1457 1563 1526 meIO,
1607 1461 1668 1510 ut
1706 1477 1836 1511 non-

143 1534 294 1602 nulli,
336 1533 622 1603 amygdalo
659 1536 712 1584 et
747 1533 916 1600 spinO,
949 1535 1010 1583 ut
1042 1530 1335 1601 Vergilius,
1370 1550 1501 1584 orno
1536 1535 1590 1583 et
1621 1531 1832 1584 fraxino

70 1611 100 1663 8
144 1612 198 1660 et
240 1609 492 1677 cydoneO,
532 1610 594 1659 ut
635 1605 819 1674 aliqui,
860 1612 914 1658 et
952 1605 1147 1674 punico
1190 1607 1283 1658 sed
1322 1606 1450 1658 fisso
1491 1605 1658 1675 ligno.
1723 1624 1834 1658 sur-

159 1682 310 1736 culus
366 1682 498 1750 piri,
555 1681 647 1749 qui
702 1679 958 1732 inseritur
1006 1683 1130 1731 ante
1181 1679 1499 1748 solstitium,
1555 1680 1835 1732 anniculus
1860 1701 1902 1733 20

158 1776 273 1810 esse
314 1757 474 1809 debet
520 1759 573 1808 et
605 1755 919 1823 priusquam
951 1754 1166 1823 figatur,
1205 1754 1349 1806 foliis
1383 1759 1438 1806 et
1471 1754 1615 1806 omni
1648 1759 1835 1818 tenera

156 1835 309 1900 parte
364 1830 589 1899 priuari:
647 1832 769 1898 post
825 1828 1122 1880 solstitium
1176 1847 1304 1880 uero
1362 1847 1484 1880 eum
1538 1828 1685 1898 figis,
1743 1828 1835 1897 qui

157 1924 428 1958 summum
468 1922 686 1974 germen
725 1903 960 1955 inclusit.
1039 1901 1186 1970 pirus
1229 1902 1373 1954 omni
1414 1920 1607 1972 genere
1646 1903 1833 1954 inseri-

155 1983 260 2032 tur.
323 1978 617 2032 condienda
657 1981 782 2029 sunt
822 1978 939 2045 pira
975 1977 1058 2028 die
1090 1976 1301 2044 placido
1336 1977 1675 2029 decrescente
1708 1977 1836 2028 luna

144 2073 174 2105 a
212 2054 478 2123 uigesima
519 2052 750 2104 secunda
791 2070 959 2120 usque
998 2051 1056 2102 in
1097 2054 1358 2103 octauam.
1439 2051 1623 2103 eadem
1668 2069 1834 2119 poma
1862 2069 1902 2102 25

268 2250 288 2285 1
332 2242 614 2300 superfluum
652 2242 702 2285 E
745 2244 759 2296 Η
807 2246 831 2283 2
872 2240 948 2283 1161
992 2239 1260 2283 excolendis
1300 2253 1381 2284 om.
1412 2254 1446 2295 p
1491 2241 1506 2296 Η
1553 2244 1578 2282 3
1610 2238 1742 2282 nulla
1773 2239 1838 2283 sit

146 2305 301 2360 iacys·
351 2304 356 2359 1
401 2302 725 2358 oblaqueaque
760 2301 817 2355 F,
853 2299 1163 2355 ablaqueatae
1196 2300 1454 2356 ,S'Eiacys
1501 2301 1515 2355 Η
1561 2303 1587 2341 4
1627 2298 1839 2355 ligneum

148 2377 229 2406 om.
265 2364 311 2416 T,
344 2361 526 2419 lignum
556 2362 656 2404 hab.
684 2359 828 2415 PLQ
857 2360 861 2414 Ι
889 2358 1049 2415 palum
1081 2358 1302 2415 deprimis
1339 2372 1419 2401 om.
1442 2373 1476 2413 p
1499 2360 1514 2413 Η
1539 2363 1563 2401 6
1597 2357 1749 2414 infigis
1782 2358 1836 2411 G,

149 2421 370 2479 deprimis
397 2437 432 2477 p
461 2423 465 2479 Ι
493 2421 611 2464 haec
641 2435 662 2464 8
686 2423 700 2476 Η
726 2425 750 2463 7
784 2418 823 2461 51
854 2417 1091 2461 radicibus
1117 2419 1167 2461 E
1192 2420 1196 2475 Ι
1225 2416 1646 2462 felle—radicibus
1678 2431 1762 2461 om.
1791 2418 1841 2460 E

148 2483 199 2524 in
231 2487 354 2525 textu
381 2487 421 2524 et
443 2481 543 2524 hab.
570 2482 621 2523 in
644 2493 784 2536 mary.
813 2491 931 2533 quae
956 2480 970 2534 Η
995 2482 1019 2520 8
1053 2491 1191 2534 saepe
1212 2491 1297 2533 pro
1322 2477 1588 2532 frequenter
1607 2491 1643 2532 p
1665 2478 1680 2533 Η
1706 2481 1730 2519 9
1767 2490 1838 2520 re-

149 2543 306 2583 center
347 2554 428 2584 om.
457 2555 492 2595 p
539 2543 552 2596 Η
601 2545 654 2583 10
697 2539 883 2581 arbores
923 2537 1027 2580 incl.
1069 2552 1156 2594 093
1207 2538 1211 2595 Ι
1262 2536 1310 2579 in
1356 2535 1547 2579 fioribus
1588 2549 1669 2579 om.
1705 2535 1793 2591 Ep
1834 2535 1839 2593 Ι

152 2606 203 2642 11
246 2599 481 2656 puriorem
525 2600 615 2643 SE
644 2599 658 2656 ’ξ
695 2603 747 2640 13
793 2596 1047 2640 cribratam
1089 2596 1136 2638 in
1171 2611 1207 2651 p
1249 2597 1254 2651 Ι
1297 2595 1503 2638 infundis
1543 2594 1798 2651 PLQVG

156 2659 328 2714 TFz‘c,
363 2651 570 2702 effundes
596 2659 645 2701 E
667 2660 680 2713 Η
707 2661 761 2700 14
795 2670 945 2700 cessas
970 2657 1018 2698 ic
1042 2658 1055 2711 Η
1083 2660 1135 2698 15
1167 2654 1294 2711 prius
1320 2669 1380 2698 ac
1408 2658 1413 2710 Ι
1440 2656 1587 2698 morte
1611 2653 1735 2709 quod
1765 2653 1802 2709 Q
1824 2654 1840 2711 Η

154 2723 205 2760 17
240 2718 290 2760 in
321 2718 421 2774 piro
456 2717 629 2774 agresti
667 2717 720 2772 G,
762 2715 863 2772 piro
905 2714 1077 2771 agresti
1113 2714 1244 2757 'uelut
1269 2729 1304 2769 p
1339 2714 1344 2771 Ι
1388 2713 1435 2756 in
1466 2713 1587 2757 melo
1623 2713 1677 2768 G,
1710 2712 1836 2755 malo

151 2776 392 2834 E²iacys
443 2778 448 2833 Ι
495 2779 547 2820 ut
593 2790 674 2820 om.
722 2776 758 2832 Q
803 2778 817 2831 Η
867 2779 919 2818 18
970 2773 1205 2830 amigdalo
1245 2773 1281 2817 S
1327 2776 1332 2829 1
1385 2772 1546 2829 spinae
1585 2774 1603 2815 i
1651 2773 1656 2828 Ι
1706 2773 1836 2815 fraxo

153 2836 517 2892 PLQVGSE,
560 2835 708 2878 fraxin
743 2835 824 2890 ΓΗ
852 2839 903 2877 19
938 2833 1130 2876 cidoneo
1165 2832 1264 2887 SF,
1308 2832 1506 2888 cydonio
1545 2833 1586 2875 Τ
1619 2837 1659 2875 et
1689 2830 1787 2874 edd.
1828 2830 1834 2888 Ι

153 2895 300 2950 spisso
332 2911 382 2950 2),
424 2895 495 2938 vel
536 2895 640 2938 fisso
676 2895 717 2937 G
741 2897 755 2950 Η
782 2899 836 2937 24
875 2892 976 2949 pira
1018 2893 1085 2935 ita
1120 2891 1692 2949 PLQVSTFEGiac,
1732 2889 1836 2946 pira

154 2955 261 3013 [ita]
294 2957 387 3011 981}
416 2959 469 2996 -25
505 2967 649 3009 usque
684 2953 743 2996 ad
776 2955 793 2996 i
