2072 3145
88 938 129 969 10

86 1306 127 1339 15

87 1748 128 1778 20

87 2116 128 2148 25

739 127 932 172 AGRIC.
957 127 1043 171 Im
1069 132 1241 171 14—16
1723 126 1825 177 147

153 270 321 305 annus
387 251 667 318 exuberat,
729 250 855 302 dum
918 249 1085 301 solam
1141 266 1323 300 curam
1379 247 1596 318 gerendi
1651 247 1827 298 mellis

153 329 422 393 exercent,
462 325 524 376 de
564 324 715 392 prole
754 324 834 375 nil
873 325 1140 392 cogitant:
1186 323 1336 375 cuius
1379 322 1579 374 omissa
1617 339 1828 388 repara-

151 400 298 452 tione
331 399 562 467 populus
595 398 737 450 idem
768 397 954 449 labore
987 395 1261 448 confectus
1296 396 1631 465 extinguitur
1655 393 1824 446 totius

154 473 333 543 gentis
383 472 563 525 exitio,
640 472 823 540 itaque
872 489 993 523 cum
1040 470 1215 522 mellis
1255 470 1591 521 nimietatem
1629 467 1829 519 uideris

154 566 217 599 ex
264 547 457 598 florum
507 545 698 616 grandi
748 549 801 596 et
848 544 1103 597 continua
1149 562 1321 596 messe
1369 543 1619 610 defluere,
1668 542 1830 593 inter-

153 619 307 673 iectis
357 620 525 672 ternis
575 620 759 671 diebus
805 619 986 671 clauso
1026 617 1288 670 foramine
1327 636 1437 670 non
1476 635 1564 669 eas
1604 615 1828 684 patiaris

154 695 310 747 exire.
374 693 452 745 ita
492 694 557 745 ad
597 692 955 763 generandam
996 692 1240 743 subolem
1274 690 1626 744 conferentur.
1689 707 1830 742 nunc

154 768 293 821 circa
343 768 590 819 calendas
640 767 833 835 apriles
884 766 1104 818 curandi
1152 769 1277 817 sunt
1326 765 1486 832 aluei,
1540 768 1601 816 ut
1650 764 1830 816 omnia

151 844 510 911 purgamenta
564 841 829 893 tollantur
885 843 939 891 et
993 839 1198 906 sordeS‚
1254 857 1386 908 quas
1442 842 1655 906 tempus
1711 855 1831 890 con-

153 917 321 967 traxit
374 916 660 967 hibernum
717 917 770 965 et
824 913 1106 966 uermiculi
1163 917 1216 965 et
1266 914 1442 965 tineae
1490 916 1543 963 et
1592 929 1830 980 araneae,

155 990 349 1058 quibus
399 989 761 1057 corrumpitur
799 1006 928 1039 usus
969 987 1238 1055 fanorum,
1278 991 1332 1038 et
1370 986 1692 1054 papilioneS,
1740 985 1831 1053 qui

153 1063 474 1115 uermiculos
517 1066 751 1114 stercore
786 1080 881 1113 suo
917 1061 1122 1114 faciunt
1153 1061 1318 1113 116361.
1381 1066 1509 1112 tunc
1542 1059 1720 1111 fumus
1754 1060 1830 1110 in-

154 1137 299 1189 censi
340 1137 466 1189 sicci
509 1135 695 1188 bubuli
735 1136 987 1188 stercoris
1028 1135 1368 1199 adhibeatur,
1419 1134 1509 1203 qui
1550 1137 1706 1201 aptus
1748 1136 1830 1185 est

154 1211 335 1279 apium
400 1211 588 1262 saluti:
656 1228 790 1278 quae
857 1209 1110 1278 purgatio
1172 1208 1482 1277 frequenter
1543 1225 1711 1275 usque
1774 1207 1830 1258 in

153 1284 397 1337 autumni
446 1287 692 1353 tempora
739 1283 1051 1336 celebretur.
1135 1283 1270 1335 haec
1319 1282 1499 1334 omnia
1547 1286 1828 1349 ceteraque

153 1358 351 1410 efficies
401 1362 579 1411 castus
628 1361 682 1409 et
730 1357 941 1409 sobrius
992 1360 1046 1408 et
1095 1356 1299 1408 alienus
1351 1375 1382 1408 a
1427 1355 1633 1407 balneis
1673 1355 1760 1406 uel
1801 1373 1831 1405 a

155 1431 290 1485 cibis
332 1432 543 1484 acribus
585 1435 639 1484 et
681 1431 858 1483 odoris
898 1430 1142 1482 inmundi
1183 1434 1344 1498 atque
1387 1429 1634 1482 omnibus
1669 1428 1831 1481 36136-

152 1506 365 1558 mentiS.

809 1622 906 1675 DE
947 1621 1181 1675 HORIS.

263 1728 368 1781 Hic
410 1728 608 1780 mensis
647 1728 713 1779 ad
746 1727 1213 1796 deprehendendas
1247 1726 1409 1778 110163
1444 1725 1711 1778 consentit
1788 1723 1917 1777 XVI

154 1803 380 1855 octobri.

541 1874 691 1927 Hora
865 1874 890 1925 I
1011 1874 1171 1941 pedes
1278 1872 1448 1940 XXV,

540 1949 675 2001 hora
839 1947 893 1999 Π
971 1948 975 1951 ’
1011 1948 1170 2015 pedes
1330 1945 1447 2014 XV,

541 2023 676 2074 hora
808 2021 892 2072 III
1011 2021 1172 2089 pedes
1346 2020 1446 2089 XI,

542 2098 676 2148 hora
782 2094 891 2146 IIII
1012 2095 1170 2161 pedes
1285 2094 1421 2147 VIII
1432 2137 1445 2163 7

542 2171 676 2222 hora
840 2168 890 2220 V
1013 2170 1172 2237 pedes
1344 2168 1445 2236 VI,

273 2336 294 2372 1
329 2329 607 2386 generandis
640 2329 738 2372 VF
764 2331 777 2385 Η
810 2333 833 2370 2
866 2328 1011 2371 nichil
1044 2329 1135 2372 SE
1163 2331 1176 2385 Η
1210 2333 1234 2371 3
1268 2328 1413 2371 totius
1446 2328 1596 2384 gentis
1629 2342 1710 2371 om.
1737 2329 1786 2370 E
1816 2329 1830 2386 Η

152 2394 180 2431 4
211 2388 392 2445 generis
424 2404 484 2444 ps
523 2391 536 2445 Η
578 2394 601 2432 5
636 2387 967 2431 ex-—slefluere
1000 2402 1079 2431 om.
1109 2391 1177 2443 ΡΙ
1220 2387 1487 2444 granditate
1532 2390 1577 2430 et
1610 2386 1830 2430 continua

155 2451 333 2491 aestate
371 2448 414 2490 V
455 2451 468 2504 Η
515 2454 539 2491 6
580 2462 637 2491 116
677 2461 755 2490 663
797 2447 846 2489 Ε
888 2449 902 2502 Η
949 2452 972 2489 7
1023 2447 1082 2489 ad
1126 2447 1442 2503 generandum
1485 2460 1569 2501 pro
1618 2446 1678 2488 ad
1725 2459 1826 2502 gen.

155 2507 251 2549 sub.
281 2521 316 2562 p
357 2508 362 2564 1
406 2507 612 2550 sobolem
643 2508 692 2549 E
733 2511 737 2561 Ι
781 2519 828 2549 36
869 2505 1105 2549 conferent
1139 2520 1203 2561 ps
1248 2507 1262 2561 Η
1310 2510 1334 2548 8
1369 2505 1586 2548 calendas
1620 2519 1700 2548 om.
1736 2505 1785 2547 E

156 2570 209 2609 10
249 2565 376 2608 tinae
414 2566 458 2608 L
496 2568 509 2621 Η
551 2572 602 2608 11
649 2565 728 2620 qui
769 2568 969 2608 stercore
1010 2579 1090 2607 suo
1131 2578 1310 2607 uermes
1350 2563 1540 2607 faciunt.
1603 2566 1714 2607 tunc
1747 2578 1783 2619 p

157 2629 209 2667 12
250 2625 382 2667 fimus
424 2624 718 2681 PLQV1G‚
767 2638 847 2667 om.
891 2624 940 2666 E
987 2626 992 2680 Ι
1042 2624 1200 2667 11166113
1240 2624 1289 2666 Ε
1333 2626 1346 2680 Η
1395 2628 1446 2666 13
1497 2622 1607 2666 31661
1654 2637 1734 2666 om.
1779 2637 1827 2678 p,

156 2686 203 2727 et
241 2682 353 2727 31661
390 2683 489 2727 hab.
524 2699 572 2738 a,
605 2684 700 2742 [et]
744 2682 853 2725 sicci
894 2697 971 2739 cy,
1013 2683 1080 2740 [et
1112 2682 1242 2739 sicci]
1275 2696 1296 2725 3
1320 2685 1334 2739 Η
1360 2688 1414 2725 14
1447 2696 1591 2736 usque
1624 2696 1704 2725 om.
1741 2696 1776 2736 p
1814 2682 1830 2740 Η

157 2746 210 2784 15
245 2744 549 2798 autumpnum
585 2745 767 2798 tempus
801 2742 851 2784 E
897 2743 902 2799 Ι
953 2741 1262 2785 celebraturi
1308 2744 1322 2797 Η
1371 2746 1422 2784 16
1465 2740 1635 2784 efficiet
1675 2742 1828 2784 custos

156 2804 309 2844 castus
342 2816 362 2845 s
391 2803 396 2857 Ι
436 2801 612 2844 611116113
646 2802 688 2844 L
732 2802 737 2859 l
782 2801 839 2843 ab
875 2799 995 2843 alliis
1030 2803 1058 2856 i,
1094 2802 1151 2843 ab
1187 2799 1308 2843 alliis
1343 2803 1389 2843 et
1421 2799 1538 2843 cibis
1569 2814 1589 2843 s
1627 2802 1641 2856 Η
1680 2803 1734 2842 20
1768 2799 1829 2842 ad

156 2860 464 2916 deprehensas
506 2860 555 2902 E
597 2862 611 2917 Η
658 2865 711 2902 21
762 2859 962 2902 octobris
1004 2861 1052 2903 E
1081 2863 1094 2917 Η
1134 2864 1187 2902 22
1234 2860 1380 2903 habet
1428 2865 1531 2903 mate
1576 2859 1716 2915 pedes
1757 2860 1828 2902 in-

154 2920 260 2964 serit
291 2919 341 2962 E
362 2922 375 2976 Η
400 2924 453 2962 25
485 2919 625 2975 pedes
658 2918 785 2961 VIIII
816 2919 866 2961 E

1477 2992 1566 3034 10*
