2072 3145
245 56 274 65 f

807 125 1004 169 AGRIC.
1031 125 1073 168 Π
1098 130 1211 168 1-6
1775 125 1844 177 53

167 266 264 316 per
310 248 482 299 latera
531 247 780 298 sulcetur.
858 264 992 314 quae
1043 246 1218 298 forma
1267 249 1395 298 tunc
1445 246 1706 298 seruanda
1750 250 1847 315 est,

170 335 297 373 cum·
331 339 512 373 semen
553 320 795 390 accipiet.

379 511 477 564 DE
519 510 824 565 HORDEO
867 510 1233 564 GALATIOO
1279 509 1638 564 SERENDO.

280 614 336 668 Si
384 616 616 668 clemens
664 614 828 667 fuerit
873 615 1070 683 hiemS,
1124 615 1388 668 hordeum
1443 614 1750 685 galaticum,
1827 614 1937 666 IIII

123 690 311 758 5quod
367 707 532 759 graue
590 693 643 742 et
700 689 985 742 candidum
1038 693 1142 757 est,
1207 690 1349 742 circa
1403 689 1520 741 idus
1576 689 1847 741 ianuarias

168 782 407 816 seramus
455 763 588 816 locis
637 763 969 831 temperatis,
1041 767 1161 815 octo
1206 763 1401 815 modiis
1442 763 1688 832 iugerum
1729 782 1848 815 con-

165 837 419 906 plebitur.

166 1029 266 1081 DE
286 1027 700 1083 CICERGVLA
719 1027 1065 1081 SERENDA
1083 1028 1233 1082 CVM
1253 1028 1674 1082 DISCIPLINA
1695 1028 1850 1082 SVA.

278 1132 555 1186 Cicercula
617 1151 799 1186 mense
855 1134 958 1186 hoc
1014 1133 1210 1186 seritur
1263 1134 1382 1186 1000
1438 1135 1605 1190 laeto,
1677 1133 1824 1185 caelo
1888 1130 1938 1184 V

100 1231 143 1262 10
168 1208 367 1261 umido,
428 1211 539 1260 tres
580 1208 745 1259 modii
785 1208 1032 1277 iugerum
1073 1208 1339 1276 conplent.
1405 1208 1497 1260 sed
1533 1208 1637 1260 hoc
1678 1225 1848 1277 genus

167 1282 388 1335 seminis
450 1299 571 1333 raro
626 1283 938 1350 respondet,
1003 1282 1128 1349 quia
1191 1281 1456 1350 decipitur
1518 1286 1701 1333 austro
1761 1281 1848 1332 uel

168 1356 437 1422 siccitate,
492 1356 618 1407 dum
673 1355 852 1423 floret,
910 1356 1052 1424 quod
1109 1360 1239 1408 tunc
1286 1374 1453 1425 prope
1501 1373 1719 1408 necesse
1768 1358 1850 1406 est

165 1448 393 1481 euenlre.

214 1621 312 1674 DE
355 1620 561 1674 VICIA
604 1621 950 1674 SERENDA
991 1620 1145 1674 CVM
1185 1617 1599 1674 DISCIPLINA
1643 1621 1798 1674 SVA.

101 1746 143 1778 15
277 1724 398 1777 Hoc
443 1744 624 1777 mense
663 1725 858 1777 ultimo
899 1725 1186 1795 colligendi
1226 1724 1445 1777 seminis
1487 1743 1670 1792 causa,
1715 1744 1825 1776 non
1856 1724 1937 1777 VI

166 1800 352 1868 pabuli
402 1799 616 1851 secandi
663 1799 805 1851 uicia
853 1799 1061 1851 seritur.
1131 1800 1377 1869 iugerum
1427 1818 1517 1851 sex
1561 1799 1729 1851 modii
1769 1818 1850 1851 oc-

168 1876 382 1942 cupant.
461 1874 684 1926 serenda
731 1877 813 1925 est
858 1873 915 1924 in
961 1877 1107 1925 terra
1153 1874 1424 1941 proscissa
1478 1878 1603 1941 post
1657 1874 1850 1925 hora-m

169 1948 454 2000 secundam
500 1948 588 1999 uel
635 1948 876 2013 tertiam,
933 1965 1052 1999 cum
1100 1966 1189 1999 ros
1238 1966 1352 1999 esse
1401 1947 1642 2014 desierit,
1691 1965 1849 2015 quem

167 2021 306 2073 ferre
352 2039 461 2073 non
508 2025 704 2090 potest.
787 2022 878 2073 sed
935 2022 1122 2073 statim
1179 2021 1532 2089 cooperienda
1586 2024 1668 2072 est
1725 2024 1849 2073 ante

101 2116 144 2147 20
166 2099 394 2147 noctem.
472 2114 597 2147 nam
648 2095 692 2146 si
738 2096 881 2146 nuda
931 2096 1210 2162 manserit,
1265 2096 1440 2147 noctis
1496 2113 1683 2147 umore
1740 2114 1851 2147 cor-

165 2169 450 2237 rumpitur.
537 2170 955 2221 obseruandum'
1006 2174 1113 2236 est,
1193 2188 1259 2221 ne
1334 2173 1457 2222 ante
1532 2168 1846 2221 uicesimam

166 2244 410 2312 quintam
456 2243 640 2294 lunam
689 2246 918 2312 seratur,
968 2244 1093 2311 quia
1141 2244 1216 2296 sic
1258 2249 1434 2295 satam
1473 2244 1692 2295 limaces
1733 2262 1844 2311 per-

167 2321 481 2385 sequuntur.

284 2482 310 2518 3
345 2475 623 2519 SERENDO
657 2490 736 2520 om.
765 2477 814 2519 E
835 2479 848 2533 ΙΙ
881 2483 908 2520 4
941 2477 1086 2532 hyens
1119 2478 1169 2520 E
1190 2479 1204 2533 Η
1230 2482 1253 2520 5
1286 2476 1492 2519 Ianuarii
1523 2477 1610 2532 Ep
1633 2479 1646 2532 ΙΙ
1672 2481 1696 2519 8
1731 2476 1847 2519 cice-

164 2535 264 2578 rvla
295 2536 345 2578 E
385 2536 390 2592 1
435 2550 538 2578 cum
578 2535 826 2591 disciplina
860 2550 943 2578 sua
975 2550 1056 2579 om.
1083 2537 1171 2580 iac
1195 2539 1209 2592 ΙΙ
1234 2541 1257 2579 9
1293 2535 1503 2579 Cicerula
1534 2537 1584 2578 E
1627 2538 1640 2591 ΙΙ
1690 2541 1743 2577 14
1775 2535 1844 2578 De

164 2593 284 2637 uitia
332 2595 526 2637 serenda
572 2608 665 2637 non
714 2595 773 2637 ad
811 2595 1037 2650 pabulum
1076 2595 1278 2638 secanda
1318 2595 1396 2637 sed
1439 2595 1498 2636 ad
1539 2594 1716 2637 semina
1755 2595 1804 2637 E
1839 2595 1844 2653 Ι

166 2668 270 2697 cum
318 2652 565 2709 disciplina
612 2668 696 2696 sua
743 2668 823 2697 om.
851 2655 901 2696 E
943 2656 956 2710 Η
1006 2659 1058 2697 16
1106 2654 1292 2711 pabulis
1340 2654 1381 2696 G
1432 2656 1436 2709 1
1487 2653 1732 2710 iungerum
1784 2654 1848 2696 VI

164 2712 320 2756 modio
361 2713 404 2755 L
451 2715 464 2769 ΙΙ
511 2718 563 2754 21
613 2716 683 2755 est
723 2727 803 2756 om.
839 2714 946 2769 le
996 2715 1000 2771 Ι
1052 2713 1354 2756 uicensimam
1394 2714 1435 2755 L
1483 2715 1496 2768 Η
1545 2718 1597 2755 ’2-2
1636 2712 1848 2768 quintam

166 2786 248 2815 om.
274 2773 324 2815 E
349 2773 354 2828 Ι
383 2785 523 2826 quam
556 2771 721 2814 sictam
757 2773 793 2828 Q
