2072 3145
67 912 110 942 10

63 1428 105 1460 15

61 1798 104 1828 20

59 2164 102 2196 25

735 106 926 151 AGRIC.
953 107 1058 149 VH]
1085 112 1209 151 1—3.
1704 109 1807 161 183

139 231 296 296 atque
344 227 544 279 deuexo
593 231 645 278 et
694 228 944 279 sabuloso
985 228 1173 279 melior
1211 229 1464 281 nascitur.
1541 229 1646 281 loci
1684 248 1804 297 pro·
1844 231 1877 282 2

138 301 340 369 prietas
380 304 666 368 utrumque
708 319 886 353 semen
918 302 974 352 in
1006 301 1234 353 alterum
1268 306 1454 354 mutat.
1516 322 1642 355 nam
1672 322 1804 372 rapa

137 377 194 426 in
239 375 344 426 alio
393 375 509 426 solo
556 394 651 442 per
697 374 971 426 biennium
1020 380 1137 427 sata
1185 381 1462 427 mutantur
1509 378 1564 428 in
1610 395 1801 444 napos:

137 447 242 500 alio
275 466 401 500 uero
434 467 603 516 napus
636 449 832 500 transit
863 449 919 500 in
952 467 1095 517 rapa.
1145 450 1429 502 subactum
1463 451 1637 502 solum
1671 455 1804 503 ster-

138 527 378 573 coratum
433 526 808 590 uersatumque
865 525 1207 591 conquirunt,
1263 523 1404 591 quod
1459 529 1512 575 et
1567 524 1697 592 ipsis
1749 528 1802 576 et

137 596 407 664 segetibus
461 596 727 664 proderit,
783 614 916 664 quae
971 597 1047 648 ibi
1103 615 1241 649 anno
1298 599 1482 649 eodem
1538 601 1800 649 seruntur.

135 668 321 737 iugero
369 687 622 737 raporum
671 674 925 737 quattuor
974 671 1216 739 sextarii,
1262 671 1389 739 napi
1430 675 1608 723 autem
1651 672 1803 740 quin-

137 760 237 810 que
285 742 573 795 sufficiunt.
651 745 695 795 si
745 744 917 812 spissa
957 749 1103 812 sunt,
1150 745 1457 796 interuelles
1497 746 1698 814 aliqua,
1743 750 1802 797 ut
1842 745 1874 797 3

136 819 311 868 cetera
351 818 684 869 roborentur.
743 822 804 869 ut
842 837 968 870 uero
1005 818 1208 870 semina
1240 819 1445 870 maiora
1477 818 1803 888 redigantur,

135 897 285 942 eruta
339 909 467 958 rapa
527 890 671 943 foliis
729 892 975 943 omnibus
1039 892 1296 961 purgabis
1361 897 1413 944 et
1476 894 1540 944 ad
1596 893 1802 944 dimidii

134 963 293 1033 digiti
334 965 743 1017 crassitudinem
783 966 839 1016 in
879 966 1026 1018 caule
1068 967 1317 1018 succides.
1381 970 1509 1018 tunc
1548 967 1605 1018 in
1639 967 1801 1019 sulcis

134 1037 419 1106 diligenter
467 1040 702 1090 subactis
753 1040 959 1091 octonis
1001 1040 1185 1109 digitis
1227 1044 1474 1108 separata
1514 1041 1706 1092 obrues
1748 1045 1803 1093 et

132 1111 317 1164 inicies
359 1116 558 1164 terram
599 1117 652 1164 et
692 1114 939 1165 calcabis,
1015 1113 1094 1165 ita
1134 1132 1329 1183 magna
1366 1118 1667 1166 nascentur.

780 1304 878 1356 DE
919 1304 1154 1358 POMIS.

244 1406 362 1459 Hoc
410 1407 572 1458 etiam
619 1425 799 1459 mense
854 1408 1197 1476 inplastratio
1254 1408 1511 1460 celebrari
1565 1412 1763 1477 potest,
1802 1409 1885 1462 III

131 1482 269 1534 sicut
303 1484 423 1532 ante
458 1481 836 1546 demonstraui,
869 1485 922 1532 et
956 1482 1104 1550 pirus
1138 1482 1223 1534 uel
1249 1482 1422 1534 malus
1446 1482 1578 1535 locis
1604 1483 1800 1535 umidis

129 1574 269 1607 nunc
301 1554 467 1607 insita
501 1574 583 1606 me
617 1556 926 1623 explorante
961 1558 1236 1623 processit.
1288 1556 1391 1608 hoc
1425 1557 1586 1609 etiam
1617 1576 1799 1609 mense

129 1630 184 1680 in
221 1628 394 1698 pomis
437 1629 702 1696 serotiniS,
743 1648 875 1697 quae
915 1629 1158 1681 ubertate
1198 1630 1364 1682 nimia
1406 1649 1584 1683 ramos
1620 1649 1799 1683 onera-

129 1705 336 1771 uerunt,
370 1703 508 1754 sicut
538 1703 792 1771 praedixi,
825 1704 1194 1772 interlegenda
1226 1709 1364 1771 sunt,
1399 1706 1444 1756 si
1471 1723 1575 1772 qua
1599 1704 1798 1757 uitiosa

129 1776 448 1844 reppereris,
495 1782 556 1827 ut
605 1777 810 1828 arboris
861 1796 1046 1829 sucum
1093 1781 1366 1829 uertamus
1410 1779 1474 1829 ad
1514 1779 1795 1830 meliorum

127 1849 456 1901 nutrimenta
495 1869 792 1918 pomorum.
854 1870 993 1903 nunc
1027 1851 1148 1903 citri
1181 1852 1377 1903 taleam
1408 1852 1527 1904 loco
1561 1853 1788 1922 inriguo,
1832 1854 1865 1905 2

126 1923 338 1993 frigidis
378 1924 690 1992 regionibus
729 1924 1001 1992 plantasse
1043 1943 1125 1976 me
1168 1926 1384 1976 memini
1425 1929 1478 1977 et
1511 1927 1795 1978 cotidianis

129 1998 391 2049 animasse
438 1997 760 2065 liquoribus,
810 2017 943 2066 quae
993 2002 1046 2050 et
1091 2000 1356 2051 nascendo
1407 2004 1460 2051 et
1505 2001 1795 2052 adserendo

127 2075 315 2123 uotum
354 2071 629 2123 felicitatis
672 2072 937 2139 aequauit.
1007 2073 1109 2124 hoc
1148 2077 1387 2142 tempore
1427 2074 1559 2125 locis
1601 2075 1796 2126 umidis

126 2145 388 2197 inoculari
434 2146 566 2197 ficus
613 2149 666 2197 et
711 2145 875 2197 inseri
925 2147 1149 2198 citreum
1197 2151 1401 2214 potest,
1456 2166 1636 2199 mense
1688 2148 1797 2199 iam

249 2312 266 2347 1
293 2304 458 2347 melius
477 2305 568 2349 SE
586 2305 590 2363 1
611 2304 816 2348 nascitur
839 2304 1002 2348 melior
1023 2306 1093 2349 G
1112 2311 1135 2348 2
1161 2308 1403 2349 mutaturi
1429 2312 1474 2349 3
1502 2310 1603 2349 sata
1621 2321 1701 2350 om
1721 2308 1797 2355 E']

125 2369 153 2406 4
192 2377 356 2419 rapum
395 2379 540 2421 acqs,
581 2378 742 2431 rapam
781 2365 798 2406 i
848 2366 852 2419 Ι
902 2366 1208 2421 temperatum
1244 2380 1330 2420 pro
1371 2342 1674 2408 stercoratum
1713 2367 1763 2408 Ε
1794 2346 1797 2404 l

128 2428 150 2464 7
186 2422 388 2465 sextaria
416 2423 464 2479 Q,
499 2423 692 2466 sestaria
716 2425 734 2465 i
756 2425 769 2478 ΙΙ
796 2427 820 2465 8
854 2422 947 2466 sint
974 2424 1015 2467 G
1043 2427 1047 2481 Ι
1075 2424 1195 2467 intel
1221 2438 1267 2467 se
1293 2424 1435 2467 uelles
1462 2426 1537 2479 VJ
1563 2430 1586 2467 9
1618 2424 1797 2467 maiora

126 2481 369 2524 seminaE
393 2483 398 2537 Ι
425 2482 696 2538 redigantur
720 2481 896 2525 maiora
916 2483 958 2526 G
980 2485 994 2539 Η
1021 2488 1074 2526 10
1098 2497 1268 2539 purgas
1288 2483 1430 2549 PLQ
1447 2475 1797 2542 VGSETFigff

129 2545 181 2582 13
221 2539 354 2582 inicis
388 2541 480 2597 PQ
498 2542 539 2583 V
544 2542 634 2584 §E
646 2542 765 2584 TF
748 2557 763 2583 ι
800 2544 804 2597 Ι
839 2541 887 2583 111
920 2541 1168 2585 cisternam
1193 2557 1278 2598 pro
1311 2542 1473 2585 inicies
1505 2545 1676 2586 terram
1709 2543 1789 2585 L

126 2598 332 2642 calcibus
359 2599 599 2654 proculcas
610 2615 654 2655 Ι)
683 2609 687 2657 Ι
714 2614 793 2643 1166
776 2602 960 2643 centur
984 2603 1037 2654 Ρ
1070 2604 1286 2644 nascetur
1312 2602 1354 2644 G
1377 2604 1391 2657 ΙΙ
1418 2606 1471 2644 14
1503 2601 1581 2643 DE
1614 2589 1794 2644 POMIS

125 2657 190 2700 IN
221 2657 298 2701 EO
331 2659 380 2701 E
401 2660 415 2713 11
442 2663 494 2701 15
527 2658 837 2714 implastratio
871 2661 906 2715 i,
941 2660 1258 2716 emplastratio
1292 2675 1416 2717 (ceys
1447 2663 1460 2716 Η
1495 2666 1548 2703 16
1580 2660 1705 2716 prius
1738 2662 1793 2716 P,

127 2732 268 2772 pyrus
300 2718 343 2760 V
369 2719 382 2773 ΙΙ
416 2721 468 2760 19
501 2717 699 2774 legenda
726 2733 760 2773 Ι)
784 2721 796 2775 Η
830 2723 883 2761 20
915 2719 1107 2763 meliora
1139 2721 1188 2762 E
1209 2722 1222 2775 Η
1247 2725 1299 2762 21
1334 2733 1456 2762 1111116
1488 2719 1707 2762 tratalem
1743 2720 1793 2777 Q,

127 2790 250 2819 nunc
282 2775 424 2819 etiam
454 2776 628 2819 taleam
660 2778 678 2819 i
707 2779 719 2831 11
754 2782 807 2819 22
839 2791 911 2821 1116
942 2778 1179 2834 plantasse
1212 2780 1384 2835 iacys,
1418 2792 1491 2821 me
1523 2793 1603 2822 om.
1639 2779 1718 2836 ΕΙ
1747 2782 1794 2822 et

126 2848 207 2878 om.
226 2835 326 2878 GE
346 2837 360 2890 ΙΙ
386 2840 440 2877 24
458 2835 761 2879 felicitatibus
779 2837 828 2878 E
853 2841 858 2890 Ι
887 2837 1107 2892 aequa-bit
1126 2838 1217 2879 PL
1233 2838 1269 2893 Q
1287 2838 1470 2892 VFGz,
1497 2840 1699 2892 aequant
1716 2839 1788 2894 Eg'

124 2892 222 2936 Hoc
247 2908 402 2937 mense
421 2895 470 2936 E
495 2897 499 2949 Ι
527 2894 612 2937 1106
638 2898 907 2950 tempore—
919 2896 1188 2940 circumfodi
1206 2911 1286 2939 om.
1301 2911 1336 2952 Ι)
1360 2899 1373 2952 Η
1399 2902 1451 2939 25
1481 2896 1639 2939 citi-ius
1666 2912 1793 2954 acy-s
