2072 3145
73 586 93 619 5

54 957 95 988 10

56 1326 97 1358 15

58 1697 100 1729 20

756 146 952 191 AGRIC.
976 147 1062 190 IIII
1087 153 1141 192 25
1693 149 1797 201 105

113 273 226 337 tur,
280 269 496 321 iuuetur
544 272 803 337 stercore,
858 269 1030 321 maior
1081 287 1209 321 uero
1262 269 1436 322 cinere
1484 270 1572 321 uel
1623 274 1797 322 cretae

113 343 337 412 puluere
371 343 534 395 semel
569 347 686 396 toto
719 362 858 396 anno
892 343 1162 396 radicibus
1196 344 1377 395 misso,
1432 362 1594 412 poma
1623 343 1681 395 in
1711 344 1796 396 his

115 420 169 469 et
217 417 324 469 cito
373 420 586 469 matura
634 420 688 470 el:
727 416 948 470 maioris
989 416 1307 469 incrementi
1347 417 1601 469 adsiduus
1647 436 1799 470 umor

117 490 330 543 efficiet.
407 491 633 560 riganda
681 495 785 560 est,
842 491 1090 559 quotiens
1144 491 1391 544 caelestis
1442 495 1673 561 negatur
1718 490 1798 543 in-

116 564 283 633 fusi0‚
335 568 389 616 eb
437 566 892 618 circumfodienda
938 566 1072 618 locis
1122 564 1308 617 calidis
1358 566 1569 618 octobri
1618 584 1798 617 mense

118 642 171 690 et
209 639 513 708 nouembri‚
559 639 773 709 frigidis
821 638 1095 692 februario
1141 640 1227 691 uel
1269 640 1479 692 martio.
1557 640 1664 691 nisi
1705 639 1802 692 cir-

118 711 482 765 cumfodiatur
536 714 786 783 adsidue,
843 718 936 766 aut
991 713 1191 765 sterilis
1250 713 1482 765 efficitur
1537 717 1630 765 auh
1686 714 1799 766 eius

116 805 278 855 poma
325 787 666 856 degeneran'n.
743 788 985 857 putanda
1037 790 1141 853 est,
1190 787 1331 839 sicut
1370 788 1619 855 probaui,
1677 792 1730 839 eh
1771 807 1801 838 a

117 860 333 912 uitiosis
368 862 617 914 omnibus
649 863 943 914 liberanda.
1001 862 1047 913 si
1083 862 1242 913 arbor
1269 878 1430 930 aegra
1456 866 1552 929 est,
1587 880 1802 914 amurca
1820 862 1890 914 23

122 952 290 1002 aquae
348 935 644 1003 aequaliter
694 936 865 988 mixta
915 935 1186 988 radicibus
1235 935 1394 987 debeb
1442 935 1662 987 adfundi
1711 940 1802 987 aul:

122 1009 239 1060 calx
286 1009 443 1060 uiuus
485 1014 818 1078 temperatus
861 1029 982 1063 cum
1023 1014 1170 1062 creta
1208 1010 1294 1061 uel
1335 1010 1511 1061 resina
1550 1010 1803 1062 locularis

121 1083 229 1150 pici
284 1082 519 1151 liquidae
575 1085 746 1136 mixta
800 1088 990 1136 trunco
1048 1083 1256 1136 arboris
1313 1084 1478 1135 adlini
1528 1083 1615 1135 uel
1664 1083 1806 1135 abla-

123 1160 351 1224 queatae
408 1157 590 1210 arbori
647 1160 788 1211 circa
841 1159 1046 1211 radices
1109 1157 1312 1226 inparis
1374 1157 1585 1209 numeri
1646 1175 1807 1226 poma

124 1230 361 1298 cydonea
405 1249 505 1299 pro
553 1233 925 1302 magnitudine
975 1232 1088 1284 eius
1134 1232 1380 1300 ponenda
1428 1236 1481 1283 eb
1535 1232 1808 1283 obruenda

122 1304 432 1357 firmantur:
497 1307 639 1373 quod
697 1307 850 1358 annis
908 1306 1138 1375 singulis
1193 1306 1397 1357 factum
1454 1306 1723 1358 custodiet
1778 1324 1808 1356 a

121 1378 298 1446 uitiis,
353 1380 446 1430 sed
502 1380 711 1432 arboris
769 1380 962 1449 longae
1016 1380 1303 1449 derogabit
1360 1379 1539 1431 aetati.
1625 1398 1804 1431 mense
1825 1380 1898 1430 24

122 1451 397 1504 februario
447 1454 684 1522 cydonea
730 1455 1042 1506 inseruntur
1086 1454 1277 1505 melius
1317 1453 1374 1505 in
1413 1457 1604 1506 trunco
1647 1471 1807 1521 quam

122 1526 178 1578 in
212 1527 428 1579 cortice.
489 1528 757 1596 recipiunt
788 1528 845 1580 in
879 1547 932 1580 se
967 1528 1210 1580 surculos
1245 1546 1410 1596 prope
1445 1528 1619 1579 omnis
1654 1544 1808 1596 gene-

124 1599 199 1652 ris
231 1600 430 1670 punici,
471 1602 632 1671 sorbi,
673 1603 916 1654 omnium
948 1602 1228 1669 melorum,
1262 1620 1397 1670 quae
1433 1602 1656 1653 meliora
1687 1619 1808 1670 pro-

124 1674 339 1726 ducunt.
417 1676 725 1728 inserantur
780 1681 963 1729 autem
1017 1677 1262 1728 nouellae
1315 1676 1555 1744 arborcS‚
1613 1676 1807 1743 quibus

126 1767 284 1801 sucus
317 1749 374 1800 in
407 1749 606 1802 60113166
640 1755 742 1802 est:
779 1749 824 1802 si
856 1751 1028 1802 maior
1056 1753 1152 1818 est,
1187 1751 1328 1801 circa
1352 1750 1587 1802 radicem
1613 1749 1804 1802 melius

124 1822 418 1891 inseretur,
481 1824 574 1875 ubi
631 1828 815 1876 cortex
870 1828 923 1877 eb
977 1825 1188 1893 lignum
1243 1824 1504 1875 beneficio
1563 1824 1666 1875 soli
1722 1824 1807 1875 ad-

123 1895 395 1948 haerentis
428 1898 672 1950 umescit.
726 1899 953 1968 legenda
987 1902 1114 1949 sunl:
1146 1902 1359 1949 matura
1386 1898 1637 1966 cydonea,
1671 1915 1805 1965 quae
1825 1895 1896 1948 25

124 1969 228 2022 1106
279 1989 426 2023 more
476 1975 781 2041 seruantur,
828 1973 916 2025 uel
961 1972 1103 2024 inter
1150 1972 1304 2023 binas
1353 1972 1567 2040 tegulas
1615 1972 1807 2040 posita,

246 2120 270 2158 3
303 2115 503 2159 incren'oi
538 2117 594 2173 Q,
627 2119 880 2173 prouentus
906 2132 942 2173 p
987 2119 1001 2173 ΙΙ
1047 2122 1074 2159 4
1113 2116 1314 2174 riganda
1347 2118 1455 2159 sunt
1486 2116 1811 2172 PLQVGS2

127 2176 195 2229 (in
221 2178 377 2232 mary.)
402 2176 432 2229 i,
465 2175 676 2232 rigentur
700 2177 774 2232 31,
807 2176 1017 2233 rigentur
1041 2190 1150 2233 ergo
1177 2177 1236 2230 Ε,
1262 2175 1489 2232 rigandae
1515 2178 1622 2218 sunt
1647 2190 1772 2232 acys
1796 2176 1810 2233 ΙΙ

127 2238 152 2276 5
187 2233 611 2278 circumfodiendae
637 2251 783 2293 (1693,
818 2238 926 2278 sunt
959 2237 1090 2279 addit
1113 2237 1162 2278 E
1188 2238 1192 2292 Ι
1220 2235 1457 2278 mensibus
1477 2250 1511 2290 p
1535 2237 1548 2291 ΙΙ
1575 2242 1597 2278 6
1623 2234 1810 2291 frigidis

127 2306 237 2336 uero
255 2294 305 2336 E
313 2308 391 2348 as,
417 2293 470 2338 fr.
499 2295 644 2352 [vero]
671 2310 692 2338 6
701 2311 729 2352 9
758 2297 762 2352 Ι
790 2294 1043 2337 Februario
1069 2309 1150 2338 om.
1169 2296 1200 2349 ι’,
1226 2294 1459 2338 febroaria
1482 2295 1583 2338 hab.
1608 2294 1644 2350 Q
1672 2296 1677 2351 Ι
1706 2293 1809 2336 Nisi

130 2351 253 2395 enim
292 2353 341 2395 E
349 2368 398 2407 α,
448 2354 571 2396 enim
618 2356 721 2398 incl.
764 2369 852 2411 cys
910 2354 915 2412 Ι
974 2352 1659 2397 circumfodiantur-steriles
1712 2353 1809 2396 effi-

129 2410 315 2454 ciuntur
347 2427 473 2469 acys
519 2415 532 2468 ΙΙ
580 2418 603 2456 7
640 2416 722 2457 aub
753 2427 834 2457 om.
863 2428 991 2470 (ceys
1040 2414 1045 2471 Ι
1097 2427 1257 2456 earum
1289 2428 1414 2470 (1693
1453 2415 1466 2468 ΙΙ
1514 2417 1538 2454 8
1570 2412 1810 2468 putandae

130 2470 586 2515 sunt-liberandae
618 2488 744 2530 acys
781 2475 795 2529 ΙΙ
838 2477 890 2514 10
924 2472 1182 2528 aequaliter
1215 2486 1337 2527 aqua
1370 2473 1419 2514 E
1451 2472 1456 2530 Ι
1491 2470 1626 2513 fundi
1657 2472 1708 2522 V,
1741 2470 1811 2513 in-

128 2528 262 2571 fundi
286 2544 323 2585 p
364 2533 370 2585 Ι
415 2530 832 2574 adfundi—mixta
864 2546 944 2576 om.
975 2532 1017 2575 G·
1059 2534 1064 2588 Ι
1107 2532 1183 2575 1161
1221 2532 1256 2588 Q
1300 2534 1304 2587 Ι
1348 2534 1429 2573 aut·
1470 2529 1811 2573 calx—mixta

131 2602 212 2632 om.
239 2603 276 2644 p
299 2591 313 2644 ΙΙ
340 2594 391 2631 11
433 2589 537 2633 viva
573 2593 836 2647 temperata
867 2605 992 2648 acqs
1016 2593 1029 2646 ΙΙ
1056 2596 1108 2633 12
1152 2590 1305 2633 arbori
1338 2590 1388 2632 F
1414 2592 1427 2645 ΙΙ
1469 2595 1521 2632 13
1555 2589 1603 2631 in
1634 2588 1810 2645 pateris

129 2648 311 2691 numeri
342 2649 392 2690 E
435 2650 449 2704 ΙΙ
499 2654 552 2692 14
593 2649 787 2693 cidonea
827 2650 928 2704 SF,
970 2650 1156 2693 cidonia
1194 2652 1241 2703 Τ,
1284 2648 1482 2704 cydonia
1521 2650 1617 2692 edd.
1663 2650 1668 2704 Ι
1712 2648 1810 2691 eius

131 2720 212 2751 om.
239 2707 289 2750 E
311 2709 324 2763 ΙΙ
352 2711 404 2749 15
438 2707 633 2764 singulis
666 2724 749 2753 om.
777 2711 821 2751 P
842 2712 855 2765 ΙΙ
882 2714 934 2752 16
969 2709 1215 2765 derogauit
1247 2708 1390 2764 PLQ
1408 2709 1450 2750 V
1477 2710 1490 2763 ΙΙ
1525 2713 1576 2749 17
1612 2706 1811 2762 cydonia

132 2767 228 2809 edd.
250 2767 264 2822 ·Ι
292 2766 340 2808 in
374 2780 454 2809 om.
481 2769 622 2824 Lcys
660 2771 674 2824 ΙΙ
718 2775 768 2811 18
803 2768 972 2811 cortice
1004 2768 1052 2810 in
1086 2782 1132 2811 se
1165 2767 1268 2823 ipsa
1299 2781 1319 2810 s
1351 2770 1364 2823 ΙΙ
1406 2771 1458 2809 19
1491 2766 1688 2822 pumicis
1726 2766 1768 2809 G
1798 2766 1812 2824 Ι

133 2829 188 2867 20
219 2825 489 2868 Inseruntur
527 2828 723 2884 Tiacys
756 2830 769 2883 ΙΙ
809 2833 861 2869 21
898 2830 968 2870 esf,
993 2834 1096 2883 post
1129 2826 1298 2870 cortice
1331 2841 1412 2869 om.
1441 2826 1498 2880 F,
1533 2828 1604 2868 est
1634 2825 1683 2866 in
1716 2839 1812 2868 cor-

131 2883 224 2926 tice
255 2885 356 2927 hab.
383 2886 593 2942 Eiacys
628 2889 633 2942 Ι
670 2889 740 2929 est
765 2892 869 2941 post
898 2886 1047 2929 maior
1079 2900 1159 2930 om.
1188 2886 1237 2928 F
1276 2886 1281 2943 Ι
1326 2884 1544 2928 corticem
1570 2898 1657 2940 pro
1689 2883 1813 2927 radi-

134 2955 233 2985 cem
264 2944 313 2985 E
334 2945 348 2999 ΙΙ
374 2949 426 2986 23
461 2944 660 3000 cydonia
691 2946 786 2989 edd.
