2072 3145
723 129 919 175 AGRIC.
944 130 1051 174 XIII
1073 134 1190 174 4—‘1
1688 130 1797 183 259

109 313 213 368 DE
242 311 549 367 EGHINIS
579 311 677 365 ΕΤ
705 310 974 365 PERNIS
1007 310 1103 363 ΕΤ
1127 308 1377 362 LARDO
1404 308 1676 363 SALIEN
1680 309 1797 364 DIS

306 401 402 454 ET
442 400 689 454 AVIVM
727 397 1045 463 LAQVEIS
1087 397 1602 452 DISPONENDIS.

216 503 380 558 Nunc
408 505 591 572 etiam,
630 504 826 574 quibus
858 503 991 555 litus
1023 504 1080 555 in
1109 502 1292 556 fructu
1323 507 1421 570 est,
1459 502 1555 555 ubi
1584 503 1744 556 lunae
1799 502 1882 557 VI

104 579 311 633 iuuarit
357 582 734 648 augmentum,
789 595 925 647 quae
983 579 1224 630 omnium
1271 577 1580 630 clausorum
1628 578 1794 630 maris

39 676 63 710 ε
107 652 429 707 animalium
490 656 654 722 atque
710 651 1039 704 concharum
1093 651 1246 704 iubet
1307 652 1640 704 incremento
1695 670 1793 704 suo

107 727 355 781 membra
392 731 636 796 turgere,
683 725 862 779 echini
910 743 1097 778 carnes
1146 725 1350 777 salibus
1391 724 1607 778 condire
1647 743 1793 779 cura-

105 802 259 854 bunt.
322 800 467 870 quod
505 800 669 853 solito
709 819 859 852 more
901 799 1197 852 conficitur.
1260 799 1400 852 hanc
1433 817 1647 868 quoque
1679 818 1794 852 rem

106 894 204 944 per
254 893 442 928 omnes
493 892 704 927 menses
754 874 891 926 bene
939 873 1200 926 faciemus
1250 873 1520 925 hibernos.
1597 892 1794 942 pernas

106 949 276 1002 etiam
324 954 382 1002 et
430 948 643 1000 lardum
695 948 1009 1001 conficimus
1059 966 1169 999 non
1219 947 1396 1000 solum
1447 965 1629 999 mense
1674 947 1796 1016 hoc,

45 1047 88 1078 ιο
111 1023 207 1076 sed
245 1023 514 1090 omnibuS,
553 1041 691 1092 quos
729 1022 980 1074 hiemalis
1022 1022 1177 1092 algor
1216 1021 1489 1090 astringit.
1551 1029 1795 1090 tempore

111 1097 216 1150 hoc
251 1115 350 1166 per
386 1095 621 1148 humiles
661 1096 828 1149 siluas
879 1100 934 1148 et
979 1096 1128 1148 bacis
1175 1095 1403 1148 fecunda
1447 1095 1689 1165 uirgulta
1727 1095 1795 1148 ad

102 1169 293 1224 turdos
351 1174 663 1241 ceterasque
719 1188 845 1222 aues
908 1169 1197 1239 capiendas
1256 1170 1480 1237 laqueos
1541 1170 1791 1239 expedire

102 1244 403 1298 conueniet.
479 1245 583 1297 hoc
630 1262 801 1313 usque
849 1244 907 1296 in
955 1244 1211 1295 martium
1260 1261 1501 1296 mensem
1541 1243 1793 1296 tendetur

103 1318 411 1388 aucupium.

42 1517 84 1549 15
760 1493 859 1546 DE
901 1491 1142 1547 HORIS.

216 1598 573 1652 Decembrem
622 1597 867 1650 ianuario
908 1597 965 1648 in
1008 1595 1159 1649 horis
1199 1615 1362 1650 causa
1399 1598 1582 1667 dispar
1621 1599 1707 1650 ad·
1777 1597 1887 1650 VII

109 1673 312 1742 iunxit,
352 1691 475 1726 cum
512 1672 656 1724 linea
695 1670 862 1723 simili
901 1670 993 1722 ille
1033 1676 1319 1740 augeatur,
1365 1672 1470 1724 iste
1511 1672 1794 1726 decrescat.

444 1804 596 1857 Hora
789 1803 816 1855 I
905 1803 1067 1872 pedes
1158 1803 1455 1869 XXVIIII,

443 1878 581 1931 hora
763 1876 817 1929 II
906 1877 1068 1946 pedes
1213 1877 1454 1947 XVIIII,

39 1976 83 2007 20
442 1951 580 2005 hora
732 1950 816 2003 III
907 1951 1070 2020 pedes
1333 1952 1454 2022 XV,

444 2026 580 2079 hora
706 2024 818 2077 IIII
907 2025 1071 2093 pedes
1322 2025 1429 2078 XII
1440 2069 1454 2094 ‚

445 2100 580 2153 hora
767 2099 817 2149 V
907 2099 1068 2168 pedes
1383 2100 1431 2153 X
1441 2142 1455 2169 ‚

444 2173 580 2226 hora
738 2172 784 2223 V
792 2173 818 2224 I
907 2174 1068 2242 pedes
1264 2173 1430 2226 VIIII
1440 2217 1455 2243 ‚

444 2247 515 2301 ho
521 2267 579 2300 ra
709 2247 818 2299 VII
905 2247 1068 2316 pedes
1380 2247 1431 2300 X
1441 2292 1455 2318 ,

37 2345 82 2376 25
445 2322 581 2374 hora
679 2320 818 2372 VIII
906 2322 1068 2389 pedes
1323 2321 1429 2374 XII
1439 2366 1454 2392 ,

227 2515 250 2552 1
282 2508 559 2554 PERNICIS
591 2510 634 2554 L
672 2512 678 2567 1
721 2510 1029 2554 SALIENTIS
1063 2511 1114 2567 Q,
1147 2510 1535 2554 PSALLIENDIS
1567 2511 1612 2555 L
1645 2514 1652 2569 1
1689 2512 1791 2555 LA-

106 2567 228 2620 QUE
258 2568 303 2612 L
334 2570 351 2624 Ι
389 2574 415 2612 3
446 2569 637 2613 luna-G
670 2572 685 2625 11
723 2576 751 2613 4
783 2569 969 2614 iuuabit
1000 2572 1168 2627 iacys,
1200 2570 1359 2613 inierit
1393 2570 1483 2614 SE
1507 2573 1513 2625 1
1541 2584 1790 2627 argumen-

103 2631 207 2671 tum
238 2627 331 2672 SE
372 2631 388 2684 Ι
439 2634 466 2672 5
498 2643 580 2672 suo
612 2643 695 2673 om.
722 2643 758 2684 12
798 2632 811 2684 11
864 2634 890 2672 6
921 2632 1187 2687 turgescere
1215 2643 1250 2685 p
1298 2632 1304 2684 1
1355 2629 1620 2672 curabimus
1652 2629 1746 2674 SE
1775 2631 1791 2689 11

105 2692 134 2732 8
162 2687 284 2731 bene
326 2686 551 2731 faciemus
589 2701 672 2744 per
713 2701 872 2731 omnes
909 2702 1090 2732 menses
1129 2688 1329 2744 ybernos
1362 2688 1413 2731 E
1452 2690 1469 2744 11
1515 2693 1541 2732 9
1575 2689 1789 2733 conficie-

102 2761 207 2790 mus
245 2746 290 2789 V
334 2747 351 2802 Ι
405 2751 460 2789 10
501 2747 585 2790 sed
616 2750 664 2790 et
694 2747 909 2791 omnibus
941 2748 991 2791 E
1041 2751 1054 2803 11
1111 2752 1164 2790 12
1209 2750 1256 2790 et
1286 2751 1495 2791 caeteras
1527 2747 1744 2806 Eiacys
1775 2750 1791 2807 11

105 2810 162 2849 16
191 2804 449 2849 December
477 2806 560 2862 L}
585 2811 638 2849 17
670 2809 871 2863 augetur
891 2807 943 2850 Ε
962 2808 977 2863 11
1003 2811 1057 2850 18
1089 2806 1234 2850 habet
1263 2808 1424 2850 inserit
1445 2807 1496 2850 E
1517 2809 1532 2863 11
1555 2811 1612 2850 20
1642 2807 1786 2864 pedes

104 2863 585 2980 ἐξΙῪξθέΙΞΧΙᾙΡθᾶθε
616 2864 702 2908 XV
727 2868 879 2921 121122
911 2866 1054 2923 pedes
1087 2865 1193 2909 XIII
1218 2868 1372 2922 pss24
1403 2866 1545 2922 pedes
1575 2865 1683 2910 XIII
1707 2868 1790 2922 12³1

286 2937 336 2967 &⁶
478 2938 513 2980 Ρ

1437 2999 1521 3042 17*
