2014 3169
209 160 235 209 I
246 159 313 209 IO
908 158 1190 201 PALLADE

207 278 592 330 subtrahendo,
672 278 883 330 curabit
931 281 1133 347 autem,
1180 283 1241 331 ut
1287 278 1429 332 fetus
1476 280 1723 349 proprios
1767 298 1890 333 cum

206 370 524 420 unaquaque
553 353 853 420 procludat.
903 353 1025 420 plus
1051 371 1180 405 uero
1208 371 1371 420 quam
1397 357 1535 422 octo,
1568 355 1709 407 sicut
1734 353 1889 408 Colu-

133 428 166 479 5
207 427 369 478 mella
410 427 556 495 dicit,
593 426 801 478 nutrire
840 444 950 478 non
988 427 1161 478 debet.
1222 428 1355 478 mihi
1387 446 1516 480 uero
1548 428 1735 480 utilius
1768 446 1889 496 pro-

203 502 368 552 batur
401 503 620 568 experto
653 518 887 569 porcam,
929 501 1013 552 cui
1044 501 1245 569 pabula
1279 501 1586 569 subpetunt‚
1625 506 1688 554 ut
1718 501 1888 571 pluri-

202 593 351 626 mum
408 592 500 625 sex
555 574 762 626 nutrire
820 575 1033 642 debere,
1091 573 1237 643 quia,
1293 575 1422 627 licet
1476 576 1659 644 plures
1711 575 1887 644 possit
1932 596 1953 629 5

203 649 450 715 educare,
510 651 695 700 tamen
747 648 1115 716 frequentiore
1168 667 1393 701 numero
1451 652 1604 702 sucta
1657 649 1885 702 deficiet.

201 722 258 774 in
304 723 483 790 porcis
534 722 698 774 etiam
746 723 879 773 illud
930 726 1012 774 est
1061 723 1425 790 commodum,
1483 724 1624 791 quod
1674 723 1886 776 inmissi

200 796 373 848 uineis
421 797 648 848 necdum
696 797 1042 865 turgentibus
1090 796 1176 848 uel
1226 800 1414 849 exacta
1451 797 1722 849 uindemia
1762 815 1885 867 gra-

199 871 342 922 mine
383 874 666 939 persecuto
709 870 1049 940 diligentiam
1087 870 1313 923 fossoris
1354 871 1653 923 imitantur.

529 1062 628 1114 DE
672 1061 855 1115 VINO
898 1061 1232 1114 MYRTITE
1273 1061 1561 1116 ALITER.
1912 1083 1954 1115 ιο

107 1165 320 1219 XXVII
433 1166 498 1218 In
530 1166 689 1218 huius
723 1166 923 1218 mensis
956 1165 1113 1218 initio
1148 1166 1306 1217 aliter
1339 1165 1561 1235 myrtite
1596 1166 1673 1219 sic
1697 1166 1881 1219 facies,

195 1241 380 1293 mittes
420 1241 535 1293 uini
575 1240 775 1292 ueteris
814 1241 997 1292 decem
1031 1239 1295 1292 sextarios
1329 1240 1385 1291 in
1417 1241 1609 1309 lagena
1642 1243 1696 1292 et
1727 1241 1883 1294 baca-

195 1334 315 1367 rum
356 1319 564 1384 myrtae
604 1315 772 1367 libras
814 1315 1049 1382 quinque
1090 1313 1357 1366 miscebis.
1426 1332 1547 1366 cum
1585 1314 1785 1384 uiginti
1826 1319 1882 1367 et

196 1391 423 1441 duorum
456 1390 665 1441 dierum
698 1390 936 1457 spatium
962 1388 1184 1440 confusa
1210 1388 1592 1458 transegerint,
1623 1407 1718 1457 per
1744 1407 1879 1459 quos

194 1482 290 1515 uas
332 1464 528 1516 cotidie
571 1464 825 1515 conuenit
859 1463 1072 1532 agitari,
1111 1467 1241 1514 tunc
1273 1463 1486 1530 palmea
1519 1466 1704 1532 sporta
1737 1463 1877 1515 cola·
1905 1483 1947 1516 15

193 1538 279 1590 bis
330 1542 383 1589 et
429 1537 718 1606 praedictis
771 1537 954 1589 decem
1008 1537 1258 1589 sextariis
1311 1536 1487 1589 mellis
1537 1536 1728 1606 optimi
1775 1537 1880 1590 for-

195 1611 325 1664 titer
363 1613 483 1663 triti
522 1611 700 1680 pondo
743 1611 977 1680 quinque
1018 1611 1288 1663 miscebis,

661 1802 760 1855 DE
802 1803 976 1855 VITE
1020 1801 1412 1856 THERIACA.

107 1907 349 1961 XXVIII
463 1907 782 1960 Theriacam
813 1908 982 1959 uitem
1017 1907 1093 1960 sic
1124 1907 1401 1975 faciemuS,
1443 1905 1590 1959 cuius
1624 1906 1727 1958 iste
1758 1924 1879 1974 pro-

192 1982 365 2034 fectus
423 1986 528 2050 est,
583 1985 644 2034 ut
698 1982 887 2034 uinum
942 1982 1055 2033 eius
1107 1981 1195 2033 uel
1243 1983 1454 2033 acetum
1502 1981 1588 2033 uel
1635 1998 1742 2032 uua
1788 1980 1873 2032 uel
1901 2003 1945 2034 20

195 2060 591 2109 sarmentorum
640 2056 772 2108 cinis
819 2055 1069 2125 proficiat
1121 2059 1310 2108 contra
1364 2072 1577 2107 morsus
1634 2054 1875 2107 omnium

191 2131 504 2183 bestiarum.
553 2130 616 2181 fit
643 2133 824 2182 autem
850 2130 940 2182 sic.
983 2133 1330 2198 sarmentum,
1363 2129 1505 2197 quod
1529 2128 1873 2198 pangendum

194 2210 297 2273 est,
344 2205 510 2257 trium
551 2203 847 2273 digitorum
889 2205 1065 2272 spatio
1105 2204 1163 2256 in
1202 2204 1312 2255 ima
1351 2206 1502 2271 parte
1543 2202 1780 2254 findatur
1821 2206 1876 2254 et

311 2370 332 2406 1
370 2364 689 2407 subtrahando
727 2365 767 2408 G
796 2368 800 2419 l
829 2363 877 2406 in
903 2378 991 2419 pro
1023 2366 1076 2406 ut
1105 2364 1156 2406 E
1181 2365 1186 2420 Ι
1213 2361 1425 2420 proprius
1458 2363 1501 2406 L
1533 2365 1547 2419 11
1579 2367 1604 2404 2
1638 2375 1874 2417 unaquae-

190 2438 278 2479 que
308 2425 349 2467 G
378 2426 382 2481 Ι
410 2424 639 2480 producat
662 2425 680 2466 z'
703 2426 717 2480 Η
740 2429 768 2466 4
792 2436 934 2479 porca
958 2424 1013 2466 ia
1043 2426 1046 2480 Ι
1077 2422 1482 2478 cui—subpetunt
1507 2435 1588 2465 om.
1605 2436 1641 2477 p
1663 2423 1678 2478 ΙΙ
1703 2426 1728 2465 6
1761 2421 1873 2465 edu-

190 2497 291 2526 cere
312 2483 354 2527 G
382 2485 386 2541 Ι
414 2483 683 2538 frequenter
708 2496 924 2526 enumero
945 2482 1251 2538 PLQTGp,
1277 2480 1509 2536 frequenti
1536 2494 1752 2524 enumero
1774 2480 1873 2539 V¹ss

192 2548 213 2585 7
248 2542 366 2585 illud
399 2557 480 2586 om.
510 2545 561 2598 ιἨ
595 2547 620 2585 8
654 2542 793 2585 uinea
825 2542 874 2584 E
903 2544 917 2597 ΙΙ
950 2547 973 2584 9
1008 2541 1222 2585 imitatur
1253 2556 1275 2584 c
1305 2542 1319 2596 ΙΙ
1362 2545 1416 2583 10
1448 2540 1526 2582 DE
1559 2539 1707 2583 VINO
1739 2539 1873 2582 MIR-

189 2602 344 2645 TETO
377 2603 428 2644 Ε
470 2604 484 2658 ΙΙ
533 2606 583 2644 11
618 2602 788 2644 XXVII
820 2615 901 2644 om.
923 2616 958 2656 P
1009 2604 1013 2657 Ι
1063 2601 1288 2657 myrticae
1321 2600 1384 2652 L,
1425 2599 1602 2643 mirteti
1635 2600 1684 2642 Ε
1697 2599 1723 2654 ¹,
1763 2598 1872 2642 mjr-

187 2664 332 2705 tetvm
364 2661 454 2715 E2‚
486 2660 725 2716 myrtitem
757 2676 778 2705 S
815 2663 829 2717 Η
871 2664 923 2702 12
957 2659 1104 2703 mittis
1139 2659 1438 2716 PLQGSE
1452 2660 1512 2702 Τι’
1540 2662 1545 2716 Ι
1580 2659 1783 2715 laguena
1818 2658 1870 2714 Q,

188 2721 389 2777 lagoena
417 2721 470 2774 G,
497 2720 672 2777 lagana
697 2721 755 2776 F,
781 2720 1032 2776 laguenam
1054 2720 1095 2763 G
1115 2717 1166 2774 V,
1192 2719 1408 2775 lagenam
1426 2718 1486 2761 Ss
1509 2721 1524 2774 ΙΙ
1550 2722 1604 2761 13
1634 2719 1785 2773 myrte
1813 2717 1868 2771 G,

188 2780 324 2823 mirte
357 2780 414 2833 F,
447 2779 589 2835 myrti
622 2795 749 2837 acys
795 2781 809 2836 ΙΙ
858 2784 911 2822 14
946 2779 1137 2821 confusa
1169 2793 1250 2822 om.
1282 2778 1324 2822 G
1368 2780 1382 2833 ΙΙ
1430 2782 1483 2820 18
1516 2777 1595 2820 DE
1628 2775 1870 2820 TIRIACA

187 2839 328 2881 VITE
362 2840 429 2893 E,
478 2838 692 2895 thyriaca
724 2840 741 2881 z·
786 2841 800 2895 11
849 2843 902 2881 19
939 2837 1172 2881 Tiriacam
1204 2838 1270 2892 E,
1312 2836 1603 2892 THyriacam
1640 2837 1676 2891 i,
1718 2834 1869 2879 Seria-

191 2912 292 2940 cam
343 2913 376 2953 p
419 2901 424 2954 Ι
468 2898 611 2941 facies
659 2913 812 2955 acqs
849 2900 863 2954 Η
904 2901 958 2940 20
1006 2897 1082 2940 uel
1130 2911 1223 2939 uua
1270 2909 1351 2940 om.
1393 2896 1444 2939 E
1485 2897 1502 2952 11
1543 2900 1598 2939 23
1645 2909 1740 2938 uua
1779 2908 1867 2951 pro

187 2957 281 3000 ima
315 2959 387 3000 Ea·
