2072 3145
92 1199 112 1231 5
273 1180 297 1231 I

241 1327 297 1378 II

215 1400 300 1453 III

71 1570 112 1600 10
187 1547 297 1600 IIII

245 1621 296 1674 V

215 1769 297 1821 VI

191 1842 298 1895 VII

71 1939 113 1971 1*
162 1916 299 1969 VIII

137 1990 301 2043 VIIII

693 680 930 739 LIBER
975 680 1241 740 NONVS

907 794 1039 838 SIVE

547 883 875 938 MENSIS
926 884 1394 941 AVGVSTVS.

824 1089 1116 1133 TITVLI.

355 1179 434 1233 De
476 1181 620 1251 agris
661 1181 888 1233 exilibus
927 1182 1156 1249 arandiS‚
1197 1183 1259 1234 de
1293 1182 1596 1250 adparanda
1627 1182 1807 1235 uinde-

355 1255 484 1324 mia,
524 1255 587 1307 de
628 1255 901 1308 occahione
940 1255 1219 1308 uinearum
1258 1256 1391 1308 locis
1431 1256 1659 1326 frigidis.

355 1328 435 1381 De
476 1329 597 1381 exili
641 1332 694 1380 ei,
732 1329 926 1380 misera
965 1329 1123 1381 uinea
1163 1329 1459 1382 reficienda.

355 1401 434 1454 De
473 1402 848 1471 pampinandis
890 1406 943 1454 et
984 1403 1365 1455 obumbrandis
1397 1403 1602 1457 uitibus
1637 1408 1691 1457 et
1723 1423 1807 1457 ex-

356 1476 618 1545 tirpandis
661 1476 883 1529 carectis
925 1480 1085 1545 atque
1125 1477 1335 1530 filecbis,

354 1549 434 1602 De
473 1550 688 1602 urendis
727 1549 954 1618 pascuis

354 1623 435 1676 De
480 1624 678 1676 hortis:
724 1625 781 1676 in
828 1642 889 1676 eo
938 1625 1000 1676 de
1048 1643 1178 1693 rapa
1223 1628 1278 1676 et
1315 1643 1480 1694 nap0,
1527 1625 1589 1677 de
1628 1625 1804 1678 radice

356 1716 478 1750 cum
517 1697 800 1780 disciplina
841 1716 958 1765 sua,
998 1698 1060 1750 de
1099 1698 1392 1766 pastinaca.

354 1770 435 1823 De
474 1773 664 1840 pomis.

356 1845 435 1897 De
476 1847 680 1914 apibus.

355 1918 436 1970 De
477 1938 616 1987 aqua
653 1919 988 1971 inuenienda.

356 1991 438 2044 De
477 1994 668 2061 puteis.

245 2065 295 2118 X
351 2065 432 2118 De
473 2085 612 2136 aqua
649 2067 937 2136 probanda.

219 2138 298 2192 XI

191 2212 296 2264 XII

71 2309 114 2340 20
166 2285 299 2338 XIII

136 2358 299 2412 XIIII

354 2140 434 2192 De
474 2159 641 2209 aquae
682 2139 944 2193 ductibus,

353 2213 433 2266 De
474 2213 737 2267 mensuris
779 2218 833 2266 eb
870 2214 1194 2283 ponderibus
1234 2215 1554 2271 fisbularum.

355 2286 436 2339 De
478 2288 851 2341 omfacomelli.

356 2359 435 2413 De
475 2361 636 2414 horis.

257 2510 279 2547 1
318 2505 563 2548 LIBER—
572 2506 888 2550 AVGVSTVS
927 2520 1008 2551 om.
1042 2509 1167 2552 codd.
1219 2511 1233 2564 ΙΙ
1282 2514 1307 2551 4
1348 2507 1548 2550 TITVLI
1586 2507 1803 2551 MENSIS

137 2563 399 2607 AVGVSTI
436 2567 605 2610 codices
654 2572 694 2610 et
731 2567 873 2623 iays,
921 2566 1186 2609 TITVLI—
1195 2567 1319 2610 horis
1359 2581 1440 2610 om
1480 2581 1503 2611 c
1546 2569 1561 2623 ΙΙ
1607 2571 1632 2609 5
1679 2567 1699 2609 I
1736 2566 1804 2610 De

141 2623 332 2680 agris—
277 2623 466 2667 —horis
506 2639 588 2668 om.
623 2626 673 2668 E
715 2628 730 2681 ΙΙ
784 2631 808 2668 9
849 2624 1032 2669 fflicetis
1065 2642 1095 2669 a
1139 2628 1154 2682 Η
1201 2631 1254 2669 19
1294 2626 1551 2669 fistulamm
1589 2639 1672 2669 om.
1703 2640 1761 2683 98

137 2687 195 2725 20
226 2682 390 2726 onfaco
421 2683 549 2726 melli
581 2685 769 2739 codices,
803 2684 1159 2740 omphacomelli
1190 2686 1266 2740 ia,
1301 2685 1509 2728 confecto
1541 2684 1679 2729 melle
1700 2699 1760 2742 98

137 2745 191 2783 22
223 2741 442 2785 MENSIS
474 2721 788 2786 AVGVSTV’S
822 2744 998 2788 addunt
1027 2745 1196 2788 codices
1220 2750 1402 2800 praeter
1432 2744 1482 2787 E
1510 2750 1550 2789 et
1580 2745 1598 2787 i
