2072 3145
713 91 906 136 AGRIC.
933 91 998 134 HI
1023 96 1193 134 10-12
1723 92 1792 144 81

116 216 263 285 poris
313 215 489 283 spatio
540 217 894 283 sarmentum,
951 213 1092 281 quod
1140 213 1381 265 clausum
1429 215 1533 280 est,
1587 213 1792 266 radices

119 289 324 342 creabit
362 289 507 340 intra
546 288 877 356 praedictam
918 286 1261 339 corbiculam.
1326 294 1453 340 tunc
1494 288 1592 339 sub
1627 286 1792 341 fundo

118 363 296 416 corbis
335 362 564 414 incisum
605 362 902 413 radicatum
945 366 1278 413 sarmentum
1319 380 1439 414 cum
1477 362 1597 430 ipsa
1634 363 1794 415 corbe

116 436 425 506 portabitur
472 437 537 487 ad
584 436 785 504 locum,
833 453 991 502 quem
1039 435 1244 486 uitibus
1294 437 1589 489 arbustiuis
1638 437 1797 489 desti-

75 531 95 563 5
120 510 275 563 nabis
315 509 544 578 inplere,
591 510 773 578 ibique
815 509 1073 560 obruetur
1113 511 1254 561 circa
1294 511 1502 562 arboris
1543 511 1798 563 maritan-

118 585 215 636 dae
256 584 476 635 radiceS.
540 583 641 635 hoc
676 601 885 653 genere,
927 586 1190 651 quantum
1222 584 1474 652 uolueris,
1514 604 1798 638 numerum

116 658 315 710 uitium
354 657 648 710 transferes
691 658 804 709 sine
846 657 1204 725 ambiguitate
1243 659 1552 726 prendendi.

423 849 521 901 DE
564 848 818 902 VINEIS
859 848 1495 904 PROVINCIALIBVS.

233 952 437 1005 Vineae
477 952 534 1005 in
571 954 866 1022 prouinciis
907 955 1092 1006 multis
1126 956 1410 1023 generibus
1443 956 1595 1008 fiunt.
1659 957 1750 1009 sed
1809 956 1891 1009 XI

56 1050 98 1080 10
125 1028 392 1095 optimum
447 1046 615 1097 genus
673 1032 774 1093 est,
829 1027 924 1080 ubi
978 1029 1108 1080 uitis
1160 1030 1310 1081 uelut
1357 1031 1643 1082 arbuscula
1690 1034 1801 1083 stat

123 1102 277 1154 breui
310 1120 461 1154 crure
494 1102 731 1154 fundata.
779 1102 911 1154 haec
936 1102 1110 1170 primo
1137 1103 1343 1155 calamo
1369 1103 1602 1171 iuuatur,
1635 1106 1802 1157 donec

123 1175 398 1227 solidetur.
471 1176 560 1227 sed
602 1176 761 1228 altior
803 1176 1116 1244 sesquipede
1157 1196 1272 1229 esse
1312 1197 1421 1230 non
1462 1179 1634 1231 debet.
1708 1180 1802 1232 ubi

123 1249 348 1301 robusta
385 1249 563 1315 fuerit,
605 1251 721 1301 sola
753 1251 1028 1302 consistet.
1091 1251 1234 1302 aliud
1268 1270 1435 1321 genus
1470 1257 1567 1322 est,
1606 1254 1663 1305 in
1696 1272 1801 1322 quo

125 1324 309 1375 cannis
349 1323 596 1391 pluribus
638 1324 779 1376 circa
820 1323 1098 1391 dispositis
1139 1325 1258 1393 ipsa
1298 1326 1429 1378 uitis
1470 1345 1565 1394 per
1604 1345 1802 1380 cannas

55 1419 97 1450 15
123 1398 409 1449 sarmentis
458 1398 643 1466 ligatis
692 1399 747 1449 in
796 1399 1064 1450 orbiculos
1113 1399 1350 1451 flectitur
1398 1419 1452 1452 se
1504 1406 1803 1469 sequentes.

123 1471 346 1523 ultimae
385 1472 672 1539 positionis
712 1472 844 1523 uitis
886 1476 982 1539 est,
1024 1491 1159 1540 quae
1200 1491 1296 1541 per
1327 1478 1529 1526 terram
1561 1477 1805 1543 proiecta

124 1545 429 1597 discumbit.
482 1546 582 1597 hae
617 1564 801 1598 omnes
836 1550 889 1598 et
922 1547 1202 1599 scrobibus
1235 1552 1510 1617 ponuntur
1544 1553 1598 1601 et
1622 1551 1803 1603 sulcis.

170 1723 268 1775 DE
309 1722 681 1776 PVTANDIS
722 1723 977 1777 VINEIS
1020 1724 1510 1779 COMMVNIBVS
1552 1726 1763 1780 ALTIS

658 1812 804 1864 VEL
846 1813 1272 1867 HVMILIBVS.

59 1938 101 1970 20
235 1914 355 1967 Hoc
394 1934 575 1968 mense
614 1915 749 1969 locis
789 1917 1003 1986 frigidis
1046 1917 1385 1985 aliquatenus
1427 1922 1481 1970 et
1514 1924 1719 1988 tempe-
1791 1921 1898 1977 XII

125 1989 258 2041 ratis
291 1990 487 2042 uitium
519 1991 664 2042 iusta
696 1991 924 2058 putatio,
967 1992 1071 2043 -sed
1104 1992 1198 2043 ubi
1222 1993 1423 2044 multae
1451 1998 1577 2045 sunt
1601 1995 1806 2063 uineae,

127 2063 436 2115 diuidantur
476 2068 530 2115 et
570 2083 694 2132 pars
737 2084 937 2132 earum,
985 2084 1118 2133 quae
1160 2067 1603 2134 septemtrionem
1642 2070 1808 2138 respi-

127 2137 255 2207 ciet,
293 2156 458 2190 uerno
498 2142 741 2205 putetur:
792 2140 898 2190 alia
936 2158 1059 2208 pars
1103 2140 1327 2192 aduersa
1368 2141 1807 2196 clementioribus

127 2212 303 2281 plagis
351 2212 620 2264 recidatur
668 2218 941 2265 autumno.
1020 2215 1111 2265 sed
1158 2215 1213 2265 in
1260 2216 1544 2283 putatione
1598 2235 1809 2286 semper

62 2307 104 2340 25
128 2286 388 2354 nitamur,
443 2290 504 2337 ut
551 2287 680 2338 uitis
728 2287 824 2338 fiat
872 2288 926 2339 in
976 2306 1127 2340 crure
1176 2289 1474 2356 robustior,
1529 2309 1594 2341 ne
1644 2292 1808 2343 debili

251 2419 275 2457 2
309 2415 487 2459 creauit
511 2417 555 2459 V
576 2418 582 2476 Ι
609 2417 853 2473 praedicta
882 2418 918 2475 Q
947 2418 951 2476 Ι
981 2418 1193 2462 suffundo
1219 2419 1363 2475 PLQ
1387 2422 1401 2475 {1
1427 2424 1451 2462 3
1488 2421 1651 2464 arbore
1674 2424 1811 2477 puta-

130 2473 258 2516 bitur
289 2475 338 2517 E
374 2477 388 2530 ΙΙ
426 2481 454 2518 4
487 2476 754 2520 arbustibus
792 2477 902 2533 QG,
937 2478 1137 2521 arbustis
1171 2479 1220 2521 E
1246 2479 1251 2535 Ι
1282 2478 1516 2522 desideras
1543 2495 1579 2535 2)
1616 2483 1630 2536 ΙΙ
1671 2486 1695 2523 5
1730 2481 1811 2524 ob-

131 2531 282 2575 ruitur
314 2534 459 2591 PLQ
477 2535 614 2579 VSE
627 2536 798 2580 TFGz·
827 2538 831 2593 Ι
858 2538 1136 2580 maturande
1167 2538 1218 2580 E
1238 2540 1252 2594 ΙΙ
1278 2542 1302 2580 6
1334 2551 1577 2581 numerum
1609 2553 1691 2583 om.
1719 2541 1768 2583 E
1795 2541 1813 2600 ΙΙ

135 2596 158 2634 7
197 2593 423 2648 perdendi
462 2594 529 2647 E,
575 2595 894 2651 prehendendi
934 2611 1060 2653 ceys
1105 2599 1119 2653 ΙΙ
1168 2601 1221 2639 10
1269 2611 1413 2653 genus
1463 2611 1543 2640 om.
1586 2599 1628 2640 L
1680 2600 1684 2654 Ι
1735 2600 1813 2642 uel

135 2651 378 2694 arbustula
399 2653 441 2696 G
463 2655 477 2708 ΙΙ
505 2658 555 2696 11
574 2654 730 2697 breuis
747 2668 851 2697 rure
869 2656 962 2698 PL
977 2656 1014 2712 Q
1029 2657 1076 2710 T,
1094 2655 1389 2699 breuisrurae
1411 2656 1452 2700 G
1467 2657 1482 2714 ΙΙ
1501 2661 1555 2699 14
1572 2659 1784 2701 cannaE
1797 2659 1814 2718 ΙΙ

136 2714 190 2752 15
225 2711 466 2754 sermentis
492 2713 537 2754 P
561 2717 566 2767 1
593 2712 731 2770 ligati
758 2713 795 2755 si
821 2714 1050 2758 orbiculos
1077 2716 1131 2770 P,
1164 2715 1304 2771 ligati
1332 2715 1371 2758 si
1394 2715 1675 2759 morbiculos
1701 2719 1744 2761 L
1760 2717 1811 2774 Q,

134 2769 346 2813 orbicula
371 2786 406 2826 p
449 2772 454 2828 Ι
499 2784 545 2814 se
577 2772 660 2816 o'm.
686 2773 736 2815 E
772 2775 785 2829 ΙΙ
827 2777 879 2816 18
912 2773 961 2816 in
994 2774 1287 2817 conuallibus
1319 2776 1337 2817 i
1375 2777 1389 2830 ΙΙ
1430 2779 1481 2817 21
1523 2775 1707 2831 putatio
1742 2780 1813 2821 est

143 2828 422 2886 VSEFas,
463 2832 534 2873 est
572 2832 675 2875 incl.
711 2846 770 2889 09
815 2834 829 2888 ΙΙ
876 2838 930 2875 23
969 2836 1157 2889 potetur
1192 2834 1228 2890 Q
1274 2836 1288 2890 ΙΙ
1335 2839 1391 2877 24
1430 2834 1720 2879 rescindatur
1749 2838 1768 2880 z·
1797 2837 1814 2896 ΙΙ

137 2891 192 2930 25
224 2902 309 2932 nec
341 2889 399 2945 F,
432 2889 562 2933 Neue
594 2890 741 2947 SEa,
774 2904 831 2934 ne
866 2892 956 2950 [ve]
991 2907 1078 2950 cys

224 2972 459 3004 PALLAmvs
484 2974 540 3006 ed.
566 2972 780 3005 schmitt.
1522 2972 1546 3010 6
