2014 3169
339 1203 366 1255 I

308 1277 365 1329 II

279 1351 366 1403 III

250 1425 363 1477 IIII

312 1573 363 1625 V

284 1647 365 1699 VI

257 1721 365 1774 VII

227 1795 366 1848 VIII

198 1943 364 1996 VIIII

309 2092 361 2145 X

283 2240 362 2294 XI

253 2314 361 2367 XII

228 2463 363 2516 XIII

197 2536 363 2590 XIIII

739 702 977 761 LIBER
1027 701 1363 761 TERTIVS

984 815 1115 858 SIVE

568 905 898 960 MENSIS
946 905 1525 961 FEBRVARIVS.

900 1111 1192 1154 TITVLI.

423 1203 503 1256 De
543 1203 715 1273 pratis
756 1204 1032 1255 seruandis
1074 1206 1126 1254 et
1166 1203 1452 1255 laetamine
1495 1204 1817 1256 saturandis,
1930 1228 1950 1259 5

422 1276 503 1330 De
543 1277 948 1347 proscindendis
991 1278 1235 1330 collibus.

422 1352 503 1404 De
544 1352 751 1404 satione
792 1351 1110 1404 trimenstri.

419 1425 500 1478 De
542 1426 764 1478 serenda
803 1426 1061 1479 lenticula
1102 1444 1222 1477 cum
1263 1424 1546 1494 disciplina
1587 1443 1705 1493 sua,
1750 1424 1884 1477 item

424 1501 488 1553 de
530 1499 804 1553 cicercula.

422 1568 503 1626 De
545 1574 767 1627 serendo
809 1574 1066 1626 cannabo.
1909 1597 1952 1628 10

424 1647 506 1701 De
548 1649 693 1718 agris
736 1648 970 1700 medicae
1010 1648 1277 1716 parandis,

423 1722 504 1774 De
546 1741 671 1774 eruo
713 1722 952 1774 serendo,

424 1795 506 1849 De
563 1797 812 1849 curandis
868 1796 1073 1848 uitibus
1130 1799 1184 1847 et
1239 1795 1523 1847 arboribus
1577 1798 1631 1846 et
1679 1794 1881 1848 hordeo

422 1871 658 1940 galatico
700 1871 938 1922 serendo.

422 1944 500 1996 De
548 1944 809 2013 ponendis
857 1943 1029 1996 uineis
1077 1943 1292 2012 pastino
1332 1943 1419 1995 uel
1461 1942 1742 1995 scrobibus
1783 1945 1878 1995 aut
1904 1965 1947 1997 15

425 2019 588 2071 sulcis
631 2022 684 2070 et
725 2019 894 2087 omni,
935 2036 1068 2086 quae
1109 2017 1237 2070 illuc
1278 2017 1534 2085 pertinet,
1579 2016 1881 2085 disciplina.

418 2092 499 2145 De
541 2092 833 2144 arbustiuis
874 2092 1077 2144 uitibus
1119 2095 1173 2143 et
1212 2090 1413 2159 plantis
1455 2091 1708 2143 arborum
1752 2091 1881 2142 uiti-

419 2166 670 2218 ferarum.

419 2240 501 2293 De
542 2241 714 2293 uineis
755 2239 1194 2308 prouincialibus,

419 2314 498 2367 De
532 2315 784 2383 putandis
818 2314 989 2366 uineis
1025 2313 1399 2366 communibus
1433 2313 1556 2364 altis
1589 2314 1677 2366 uel
1706 2312 1879 2364 humi-
1904 2334 1947 2366 20

421 2389 578 2441 libus,

420 2462 500 2515 De
540 2463 820 2532 putatione
862 2462 1085 2513 arbusti.

422 2537 500 2589 De
540 2536 963 2605 prouincialibus
1005 2536 1177 2588 uineis
1216 2535 1487 2603 putandis,

321 2674 342 2710 1
375 2666 1014 2710 LIBER—FEBRVARIVS
1047 2680 1128 2709 om.
1155 2666 1280 2709 codd.
1317 2667 1331 2720 ΙΙ
1366 2670 1391 2706 4
1426 2663 1628 2707 TITVLI
1659 2662 1879 2707 MENSIS

198 2727 527 2770 FEBRVARII
559 2741 706 2770 omnes
737 2727 830 2780 fere
861 2726 1030 2769 codices
1062 2732 1101 2769 et
1133 2726 1366 2777 editiones,
1408 2723 1642 2779 Incipiunt
1674 2722 1883 2779 capitula

198 2786 370 2829 mensis
409 2785 633 2829 februarii
668 2786 733 2840 E,
775 2784 1176 2828 TITVLI-—horis
1218 2798 1298 2827 om.
1332 2797 1354 2826 c
1399 2785 1413 2838 11
1462 2787 1484 2825 7
1527 2782 1750 2826 trimestri
1791 2782 1842 2825 E
1869 2783 1884 2838 {l

199 2851 224 2888 9
268 2846 323 2888 de
364 2859 445 2889 om.
480 2846 648 2889 codice-s·
681 2851 862 2900 praeter
894 2844 943 2886 Ε
980 2850 1019 2887 et
1058 2845 1075 2885 «ι’
1120 2846 1135 2899 Η
1184 2849 1234 2886 11
1268 2841 1497 2885 medicine
1530 2842 1581 2884 E
1622 2843 1637 2897 11
1685 2846 1738 2884 15
1772 2839 1883 2884 uiti-

200 2905 287 2947 bus
322 2906 371 2947 E
392 2907 405 2959 Η
432 2909 484 2947 16
520 2903 674 2947 omnia
710 2903 908 2960 PLQG
935 2904 940 2958 Ι
970 2902 1064 2945 illic
1100 2904 1261 2958 191117
1297 2900 1564 2944 arbustibus
1598 2901 1711 2955 PL,
1746 2900 1883 2943 arbu-

200 2963 283 3007 stis
321 2964 484 3020 GEys
513 2966 518 3018 Ι
546 2963 889 3006 fructiferarum
922 2963 971 3005 E
