<?xml version="1.0" encoding="UTF-8"?>
<!DOCTYPE html PUBLIC "-//W3C//DTD XHTML 1.0 Transitional//EN"
    "http://www.w3.org/TR/xhtml1/DTD/xhtml1-transitional.dtd">
<html xmlns="http://www.w3.org/1999/xhtml" xml:lang="en" lang="en">
 <head>
  <title>
</title>
<meta http-equiv="Content-Type" content="text/html;charset=utf-8" />
  <meta name='ocr-system' content='tesseract 3.04.00' />
  <meta name='ocr-capabilities' content='ocr_page ocr_carea ocr_par ocr_line ocrx_word'/>
</head>
<body>
  <div class='ocr_page' id='page_1' title='image "./palladiirvtiliit00palluoft_0030.png"; bbox 0 0 2014 3169; ppageno 0'>
   <div class='ocr_carea' id='block_1_1' title="bbox 117 139 1105 192">
    <p class='ocr_par' dir='ltr' id='par_1_1' title="bbox 117 139 1105 192">
     <span class='ocr_line' id='line_1_1' title="bbox 117 139 1105 192; baseline -0.002 -9"><span class='ocrx_word' id='word_1_1' title='bbox 117 143 143 192; x_wconf 82' lang='lat'>1</span> <span class='ocrx_word' id='word_1_2' title='bbox 153 141 186 191; x_wconf 73' lang='grc'>2</span> <span class='ocrx_word' id='word_1_3' title='bbox 821 139 1105 182; x_wconf 82' lang='lat' dir='ltr'><strong>PALLADH</strong></span> 
     </span>
    </p>
   </div>
   <div class='ocr_carea' id='block_1_2' title="bbox 34 259 1884 1514">
    <p class='ocr_par' dir='ltr' id='par_1_2' title="bbox 119 259 1880 624">
     <span class='ocr_line' id='line_1_2' title="bbox 119 259 1810 330; baseline -0.001 -18"><span class='ocrx_word' id='word_1_4' title='bbox 119 261 257 314; x_wconf 90' lang='lat' dir='ltr'>locis</span> <span class='ocrx_word' id='word_1_5' title='bbox 298 261 496 330; x_wconf 87' lang='lat' dir='ltr'>tepidis</span> <span class='ocrx_word' id='word_1_6' title='bbox 538 260 732 313; x_wconf 91' lang='lat' dir='ltr'>melius</span> <span class='ocrx_word' id='word_1_7' title='bbox 773 260 1142 329; x_wconf 74' lang='lat' dir='ltr'>respondebit,</span> <span class='ocrx_word' id='word_1_8' title='bbox 1192 259 1237 312; x_wconf 91' lang='lat' dir='ltr'>si</span> <span class='ocrx_word' id='word_1_9' title='bbox 1279 264 1488 312; x_wconf 86' lang='lat' dir='ltr'>seratur</span> <span class='ocrx_word' id='word_1_10' title='bbox 1528 263 1810 313; x_wconf 87' lang='lat' dir='ltr'>autumno:</span> 
     </span>
     <span class='ocr_line' id='line_1_3' title="bbox 120 334 1810 403; baseline -0.001 -16"><span class='ocrx_word' id='word_1_11' title='bbox 120 336 167 387; x_wconf 93' lang='lat' dir='ltr'>si</span> <span class='ocrx_word' id='word_1_12' title='bbox 200 334 497 388; x_wconf 75' lang='lat' dir='ltr'>necessitas</span> <span class='ocrx_word' id='word_1_13' title='bbox 533 339 691 403; x_wconf 79' lang='lat' dir='ltr'>coget</span> <span class='ocrx_word' id='word_1_14' title='bbox 725 335 787 387; x_wconf 90' lang='lat' dir='ltr'>de</span> <span class='ocrx_word' id='word_1_15' title='bbox 822 335 965 386; x_wconf 83' lang='lat' dir='ltr'>salsa</span> <span class='ocrx_word' id='word_1_16' title='bbox 998 338 1143 386; x_wconf 87' lang='lat' dir='ltr'>terra</span> <span class='ocrx_word' id='word_1_17' title='bbox 1180 353 1392 402; x_wconf 87' lang='lat' dir='ltr'>sperare</span> <span class='ocrx_word' id='word_1_18' title='bbox 1427 334 1645 402; x_wconf 85' lang='lat' dir='ltr'>aliquid,</span> <span class='ocrx_word' id='word_1_19' title='bbox 1683 338 1810 403; x_wconf 91' lang='lat' dir='ltr'>post</span> 
     </span>
     <span class='ocr_line' id='line_1_4' title="bbox 122 407 1811 476; baseline -0.001 -15"><span class='ocrx_word' id='word_1_20' title='bbox 122 414 445 461; x_wconf 89' lang='lat' dir='ltr'>autumnum</span> <span class='ocrx_word' id='word_1_21' title='bbox 491 409 790 476; x_wconf 80' lang='lat' dir='ltr'>plantanda,</span> <span class='ocrx_word' id='word_1_22' title='bbox 838 412 920 460; x_wconf 90' lang='lat' dir='ltr'>est</span> <span class='ocrx_word' id='word_1_23' title='bbox 966 407 1054 459; x_wconf 90' lang='lat' dir='ltr'>uel</span> <span class='ocrx_word' id='word_1_24' title='bbox 1102 409 1449 476; x_wconf 82' lang='lat' dir='ltr'>conserenda,</span> <span class='ocrx_word' id='word_1_25' title='bbox 1495 412 1557 460; x_wconf 89' lang='lat' dir='ltr'>ut</span> <span class='ocrx_word' id='word_1_26' title='bbox 1600 408 1811 460; x_wconf 85' lang='lat' dir='ltr'>malitia</span> 
     </span>
     <span class='ocr_line' id='line_1_5' title="bbox 123 481 1809 550; baseline -0.001 -15"><span class='ocrx_word' id='word_1_27' title='bbox 123 484 237 535; x_wconf 91' lang='lat' dir='ltr'>eius</span> <span class='ocrx_word' id='word_1_28' title='bbox 286 483 529 534; x_wconf 89' lang='lat' dir='ltr'>hibernis</span> <span class='ocrx_word' id='word_1_29' title='bbox 579 483 845 534; x_wconf 83' lang='lat' dir='ltr'>imbribus</span> <span class='ocrx_word' id='word_1_30' title='bbox 891 482 1116 534; x_wconf 88' lang='lat' dir='ltr'>eluatur.</span> <span class='ocrx_word' id='word_1_31' title='bbox 1187 481 1390 550; x_wconf 86' lang='lat' dir='ltr'>aliquid</span> <span class='ocrx_word' id='word_1_32' title='bbox 1431 482 1594 534; x_wconf 87' lang='lat' dir='ltr'>etiam</span> <span class='ocrx_word' id='word_1_33' title='bbox 1635 485 1809 534; x_wconf 83' lang='lat' dir='ltr'>terrae</span> 
     </span>
     <span class='ocr_line' id='line_1_6' title="bbox 123 555 1880 624; baseline -0.001 -15"><span class='ocrx_word' id='word_1_34' title='bbox 123 557 293 609; x_wconf 91' lang='lat' dir='ltr'>dulcis</span> <span class='ocrx_word' id='word_1_35' title='bbox 336 557 423 608; x_wconf 91' lang='lat' dir='ltr'>uel</span> <span class='ocrx_word' id='word_1_36' title='bbox 465 575 656 608; x_wconf 87' lang='lat' dir='ltr'>arenae</span> <span class='ocrx_word' id='word_1_37' title='bbox 696 557 934 608; x_wconf 86' lang='lat' dir='ltr'>fluuialis</span> <span class='ocrx_word' id='word_1_38' title='bbox 974 557 1344 608; x_wconf 89' lang='lat' dir='ltr'>subiciendum</span> <span class='ocrx_word' id='word_1_39' title='bbox 1378 560 1476 624; x_wconf 78' lang='lat' dir='ltr'>est,</span> <span class='ocrx_word' id='word_1_40' title='bbox 1517 555 1562 608; x_wconf 88' lang='lat' dir='ltr'>si</span> <span class='ocrx_word' id='word_1_41' title='bbox 1593 555 1675 608; x_wconf 90' lang='lat' dir='ltr'>illi</span> <span class='ocrx_word' id='word_1_42' title='bbox 1707 557 1810 607; x_wconf 89' lang='lat' dir='ltr'>uir-</span> <span class='ocrx_word' id='word_1_43' title='bbox 1859 575 1880 607; x_wconf 86' lang='lat'>5</span> 
     </span>
    </p>

    <p class='ocr_par' dir='ltr' id='par_1_3' title="bbox 34 630 1883 1068">
     <span class='ocr_line' id='line_1_7' title="bbox 34 630 1811 700; baseline -0.002 -17"><span class='ocrx_word' id='word_1_44' title='bbox 34 633 99 683; x_wconf 80' lang='lat'>17</span> <span class='ocrx_word' id='word_1_45' title='bbox 122 631 274 700; x_wconf 82' lang='lat' dir='ltr'>gulta</span> <span class='ocrx_word' id='word_1_46' title='bbox 317 631 724 683; x_wconf 73' lang='lat' dir='ltr'>committimus.</span> <span class='ocrx_word' id='word_1_47' title='bbox 793 630 1140 682; x_wconf 88' lang='lat' dir='ltr'>seminarium</span> <span class='ocrx_word' id='word_1_48' title='bbox 1180 630 1438 682; x_wconf 89' lang='lat' dir='ltr'>mediocri</span> <span class='ocrx_word' id='word_1_49' title='bbox 1477 634 1622 682; x_wconf 86' lang='lat' dir='ltr'>terra</span> <span class='ocrx_word' id='word_1_50' title='bbox 1660 630 1811 681; x_wconf 87' lang='lat' dir='ltr'>insti·</span> 
     </span>
     <span class='ocr_line' id='line_1_8' title="bbox 124 703 1814 772; baseline -0.001 -16"><span class='ocrx_word' id='word_1_51' title='bbox 124 711 275 756; x_wconf 88' lang='lat' dir='ltr'>tuere</span> <span class='ocrx_word' id='word_1_52' title='bbox 330 705 610 772; x_wconf 64' lang='lat' dir='ltr'>debemm,</span> <span class='ocrx_word' id='word_1_53' title='bbox 666 708 727 756; x_wconf 88' lang='lat' dir='ltr'>ut</span> <span class='ocrx_word' id='word_1_54' title='bbox 775 706 838 756; x_wconf 90' lang='lat' dir='ltr'>ad</span> <span class='ocrx_word' id='word_1_55' title='bbox 889 703 1190 767; x_wconf 84' lang='lat' dir='ltr'>meliorem,</span> <span class='ocrx_word' id='word_1_56' title='bbox 1248 722 1382 772; x_wconf 89' lang='lat' dir='ltr'>quae</span> <span class='ocrx_word' id='word_1_57' title='bbox 1433 707 1550 756; x_wconf 88' lang='lat' dir='ltr'>sata</span> <span class='ocrx_word' id='word_1_58' title='bbox 1595 704 1814 771; x_wconf 75' lang='lat' dir='ltr'>fuerint,</span> 
     </span>
     <span class='ocr_line' id='line_1_9' title="bbox 123 778 1813 847; baseline 0 -18"><span class='ocrx_word' id='word_1_59' title='bbox 123 778 540 831; x_wconf 71' lang='lat' dir='ltr'>transferantur.</span> <span class='ocrx_word' id='word_1_60' title='bbox 618 779 849 847; x_wconf 80' lang='lat' dir='ltr'>lapideS‚</span> <span class='ocrx_word' id='word_1_61' title='bbox 898 779 989 846; x_wconf 85' lang='lat' dir='ltr'>qui</span> <span class='ocrx_word' id='word_1_62' title='bbox 1038 781 1350 846; x_wconf 79' lang='lat' dir='ltr'>supersunt,</span> <span class='ocrx_word' id='word_1_63' title='bbox 1396 778 1573 830; x_wconf 87' lang='lat' dir='ltr'>hieme</span> <span class='ocrx_word' id='word_1_64' title='bbox 1620 779 1813 847; x_wconf 81' lang='lat' dir='ltr'>rigent,</span> 
     </span>
     <span class='ocr_line' id='line_1_10' title="bbox 124 852 1811 905; baseline -0.001 -1"><span class='ocrx_word' id='word_1_65' title='bbox 124 857 332 904; x_wconf 88' lang='lat' dir='ltr'>aestate</span> <span class='ocrx_word' id='word_1_66' title='bbox 380 852 708 905; x_wconf 77' lang='lat' dir='ltr'>feruescunt,</span> <span class='ocrx_word' id='word_1_67' title='bbox 786 853 984 904; x_wconf 88' lang='lat' dir='ltr'>idcirco</span> <span class='ocrx_word' id='word_1_68' title='bbox 1035 853 1167 904; x_wconf 86' lang='lat' dir='ltr'>satis</span> <span class='ocrx_word' id='word_1_69' title='bbox 1217 852 1455 904; x_wconf 88' lang='lat' dir='ltr'>arbustis</span> <span class='ocrx_word' id='word_1_70' title='bbox 1504 855 1558 903; x_wconf 91' lang='lat' dir='ltr'>et</span> <span class='ocrx_word' id='word_1_71' title='bbox 1604 852 1811 904; x_wconf 90' lang='lat' dir='ltr'>uitibus</span> 
     </span>
     <span class='ocr_line' id='line_1_11' title="bbox 123 926 1883 995; baseline -0.002 -16"><span class='ocrx_word' id='word_1_72' title='bbox 123 930 335 979; x_wconf 88' lang='lat' dir='ltr'>nocent.</span> <span class='ocrx_word' id='word_1_73' title='bbox 415 931 584 990; x_wconf 84' lang='lat' dir='ltr'>terra,</span> <span class='ocrx_word' id='word_1_74' title='bbox 644 945 779 995; x_wconf 88' lang='lat' dir='ltr'>quae</span> <span class='ocrx_word' id='word_1_75' title='bbox 829 927 969 978; x_wconf 84' lang='lat' dir='ltr'>circa</span> <span class='ocrx_word' id='word_1_76' title='bbox 1017 928 1237 979; x_wconf 86' lang='lat' dir='ltr'>arbores</span> <span class='ocrx_word' id='word_1_77' title='bbox 1285 930 1556 993; x_wconf 82' lang='lat' dir='ltr'>mouetur,</span> <span class='ocrx_word' id='word_1_78' title='bbox 1606 926 1686 978; x_wconf 84' lang='lat' dir='ltr'>ita</span> <span class='ocrx_word' id='word_1_79' title='bbox 1731 929 1813 978; x_wconf 90' lang='lat' dir='ltr'>est</span> <span class='ocrx_word' id='word_1_80' title='bbox 1841 946 1883 976; x_wconf 75' lang='grc' dir='ltr'>ιο</span> 
     </span>
     <span class='ocr_line' id='line_1_12' title="bbox 124 1000 1815 1068; baseline -0.001 -16"><span class='ocrx_word' id='word_1_81' title='bbox 124 1001 335 1053; x_wconf 89' lang='lat' dir='ltr'>uicibus</span> <span class='ocrx_word' id='word_1_82' title='bbox 370 1002 743 1068; x_wconf 83' lang='lat' dir='ltr'>permutanda,</span> <span class='ocrx_word' id='word_1_83' title='bbox 784 1006 844 1052; x_wconf 87' lang='lat' dir='ltr'>ut</span> <span class='ocrx_word' id='word_1_84' title='bbox 877 1001 939 1068; x_wconf 82' lang='lat' dir='ltr'>ei,</span> <span class='ocrx_word' id='word_1_85' title='bbox 979 1018 1113 1068; x_wconf 86' lang='lat' dir='ltr'>quae</span> <span class='ocrx_word' id='word_1_86' title='bbox 1145 1001 1202 1052; x_wconf 94' lang='lat' dir='ltr'>in</span> <span class='ocrx_word' id='word_1_87' title='bbox 1236 1018 1447 1052; x_wconf 90' lang='lat' dir='ltr'>summo</span> <span class='ocrx_word' id='word_1_88' title='bbox 1480 1000 1674 1066; x_wconf 84' lang='lat' dir='ltr'>fuerat,</span> <span class='ocrx_word' id='word_1_89' title='bbox 1704 1000 1815 1051; x_wconf 87' lang='lat' dir='ltr'>ima</span> 
     </span>
    </p>

    <p class='ocr_par' dir='ltr' id='par_1_4' title="bbox 40 1074 1884 1514">
     <span class='ocr_line' id='line_1_13' title="bbox 40 1074 1816 1128; baseline -0.002 0"><span class='ocrx_word' id='word_1_90' title='bbox 40 1077 106 1128; x_wconf 78' lang='lat'>18</span> <span class='ocrx_word' id='word_1_91' title='bbox 127 1076 392 1127; x_wconf 86' lang='lat' dir='ltr'>succedat.</span> <span class='ocrx_word' id='word_1_92' title='bbox 464 1075 521 1127; x_wconf 93' lang='lat' dir='ltr'>in</span> <span class='ocrx_word' id='word_1_93' title='bbox 564 1074 831 1127; x_wconf 89' lang='lat' dir='ltr'>laetandis</span> <span class='ocrx_word' id='word_1_94' title='bbox 873 1075 1158 1127; x_wconf 88' lang='lat' dir='ltr'>arboribus</span> <span class='ocrx_word' id='word_1_95' title='bbox 1200 1078 1372 1128; x_wconf 89' lang='lat' dir='ltr'>crates</span> <span class='ocrx_word' id='word_1_96' title='bbox 1413 1074 1674 1126; x_wconf 86' lang='lat' dir='ltr'>faciemus</span> <span class='ocrx_word' id='word_1_97' title='bbox 1713 1076 1816 1126; x_wconf 88' lang='lat' dir='ltr'>ter-</span> 
     </span>
     <span class='ocr_line' id='line_1_14' title="bbox 125 1147 1815 1217; baseline 0 -17"><span class='ocrx_word' id='word_1_98' title='bbox 125 1167 242 1201; x_wconf 87' lang='lat' dir='ltr'>ram</span> <span class='ocrx_word' id='word_1_99' title='bbox 282 1149 433 1217; x_wconf 87' lang='lat' dir='ltr'>prius</span> <span class='ocrx_word' id='word_1_100' title='bbox 467 1153 660 1202; x_wconf 90' lang='lat' dir='ltr'>trunco</span> <span class='ocrx_word' id='word_1_101' title='bbox 695 1149 1044 1201; x_wconf 89' lang='lat' dir='ltr'>admouentes</span> <span class='ocrx_word' id='word_1_102' title='bbox 1079 1152 1132 1200; x_wconf 92' lang='lat' dir='ltr'>et</span> <span class='ocrx_word' id='word_1_103' title='bbox 1164 1168 1288 1201; x_wconf 88' lang='lat' dir='ltr'>mox</span> <span class='ocrx_word' id='word_1_104' title='bbox 1320 1150 1604 1216; x_wconf 84' lang='lat' dir='ltr'>laetamen,</span> <span class='ocrx_word' id='word_1_105' title='bbox 1644 1152 1706 1200; x_wconf 90' lang='lat' dir='ltr'>ut</span> <span class='ocrx_word' id='word_1_106' title='bbox 1739 1147 1815 1200; x_wconf 91' lang='lat' dir='ltr'>sic</span> 
     </span>
     <span class='ocr_line' id='line_1_15' title="bbox 126 1223 1813 1293; baseline -0.001 -18"><span class='ocrx_word' id='word_1_107' title='bbox 126 1242 261 1292; x_wconf 91' lang='lat' dir='ltr'>opus</span> <span class='ocrx_word' id='word_1_108' title='bbox 295 1228 493 1275; x_wconf 87' lang='lat' dir='ltr'>natura</span> <span class='ocrx_word' id='word_1_109' title='bbox 525 1223 773 1275; x_wconf 89' lang='lat' dir='ltr'>beneficii</span> <span class='ocrx_word' id='word_1_110' title='bbox 808 1223 1109 1275; x_wconf 78' lang='lat' dir='ltr'>alternante</span> <span class='ocrx_word' id='word_1_111' title='bbox 1144 1224 1462 1276; x_wconf 83' lang='lat' dir='ltr'>cumuletur.</span> <span class='ocrx_word' id='word_1_112' title='bbox 1520 1223 1636 1293; x_wconf 80' lang='lat' dir='ltr'>agri</span> <span class='ocrx_word' id='word_1_113' title='bbox 1668 1241 1813 1291; x_wconf 89' lang='lat' dir='ltr'>prae—</span> 
     </span>
     <span class='ocr_line' id='line_1_16' title="bbox 126 1296 1884 1366; baseline -0.002 -16"><span class='ocrx_word' id='word_1_114' title='bbox 126 1298 298 1350; x_wconf 90' lang='lat' dir='ltr'>sulem</span> <span class='ocrx_word' id='word_1_115' title='bbox 339 1316 449 1350; x_wconf 91' lang='lat' dir='ltr'>non</span> <span class='ocrx_word' id='word_1_116' title='bbox 482 1317 546 1349; x_wconf 80' lang='lat' dir='ltr'>ex</span> <span class='ocrx_word' id='word_1_117' title='bbox 579 1297 791 1350; x_wconf 88' lang='lat' dir='ltr'>dilectis</span> <span class='ocrx_word' id='word_1_118' title='bbox 824 1301 1006 1349; x_wconf 89' lang='lat' dir='ltr'>tenere</span> <span class='ocrx_word' id='word_1_119' title='bbox 1041 1299 1269 1350; x_wconf 88' lang='lat' dir='ltr'>seruulis</span> <span class='ocrx_word' id='word_1_120' title='bbox 1301 1316 1487 1366; x_wconf 88' lang='lat' dir='ltr'>ponas,</span> <span class='ocrx_word' id='word_1_121' title='bbox 1529 1296 1655 1366; x_wconf 87' lang='lat' dir='ltr'>quia</span> <span class='ocrx_word' id='word_1_122' title='bbox 1685 1297 1812 1348; x_wconf 87' lang='lat' dir='ltr'>fidu·</span> <span class='ocrx_word' id='word_1_123' title='bbox 1842 1315 1884 1347; x_wconf 87' lang='lat'>15</span> 
     </span>
     <span class='ocr_line' id='line_1_17' title="bbox 124 1371 1811 1441; baseline 0 -18"><span class='ocrx_word' id='word_1_124' title='bbox 124 1372 207 1424; x_wconf 87' lang='lat' dir='ltr'>cia</span> <span class='ocrx_word' id='word_1_125' title='bbox 245 1373 529 1440; x_wconf 88' lang='lat' dir='ltr'>praeteriti</span> <span class='ocrx_word' id='word_1_126' title='bbox 563 1372 763 1424; x_wconf 90' lang='lat' dir='ltr'>amoris</span> <span class='ocrx_word' id='word_1_127' title='bbox 797 1372 863 1423; x_wconf 87' lang='lat' dir='ltr'>ad</span> <span class='ocrx_word' id='word_1_128' title='bbox 894 1372 1258 1441; x_wconf 85' lang='lat' dir='ltr'>inpunitatem</span> <span class='ocrx_word' id='word_1_129' title='bbox 1292 1372 1479 1440; x_wconf 91' lang='lat' dir='ltr'>culpae</span> <span class='ocrx_word' id='word_1_130' title='bbox 1511 1371 1811 1440; x_wconf 89' lang='lat' dir='ltr'>praesentis</span> 
     </span>
     <span class='ocr_line' id='line_1_18' title="bbox 120 1451 345 1514; baseline -0.004 -16"><span class='ocrx_word' id='word_1_131' title='bbox 120 1451 345 1514; x_wconf 89' lang='lat' dir='ltr'>spectat.</span> 
     </span>
    </p>
   </div>
   <div class='ocr_carea' id='block_1_3' title="bbox 373 1562 1569 1618">
    <p class='ocr_par' dir='ltr' id='par_1_5' title="bbox 373 1562 1569 1618">
     <span class='ocr_line' id='line_1_19' title="bbox 373 1562 1569 1618; baseline 0 -2"><span class='ocrx_word' id='word_1_132' title='bbox 373 1563 472 1616; x_wconf 84' lang='lat' dir='ltr'>DE</span> <span class='ocrx_word' id='word_1_133' title='bbox 517 1563 696 1617; x_wconf 83' lang='lat' dir='ltr'>AGRI</span> <span class='ocrx_word' id='word_1_134' title='bbox 735 1563 1156 1618; x_wconf 75' lang='lat' dir='ltr'>ELECTIONE</span> <span class='ocrx_word' id='word_1_135' title='bbox 1199 1563 1346 1616; x_wconf 90' lang='lat' dir='ltr'>VEL</span> <span class='ocrx_word' id='word_1_136' title='bbox 1389 1562 1569 1616; x_wconf 80' lang='lat' dir='ltr'>SITV.</span> 
     </span>
    </p>
   </div>
   <div class='ocr_carea' id='block_1_4' title="bbox 33 1669 1883 2184">
    <p class='ocr_par' dir='ltr' id='par_1_6' title="bbox 33 1669 1883 2035">
     <span class='ocr_line' id='line_1_20' title="bbox 33 1669 1812 1739; baseline -0.001 -17"><span class='ocrx_word' id='word_1_137' title='bbox 33 1669 142 1722; x_wconf 67' lang='lat' dir='ltr'>VII</span> <span class='ocrx_word' id='word_1_138' title='bbox 279 1669 343 1721; x_wconf 91' lang='lat' dir='ltr'>In</span> <span class='ocrx_word' id='word_1_139' title='bbox 378 1669 625 1738; x_wconf 79' lang='lat' dir='ltr'>eligendo</span> <span class='ocrx_word' id='word_1_140' title='bbox 661 1687 793 1739; x_wconf 78' lang='lat' dir='ltr'>agro</span> <span class='ocrx_word' id='word_1_141' title='bbox 827 1669 916 1722; x_wconf 92' lang='lat' dir='ltr'>uel</span> <span class='ocrx_word' id='word_1_142' title='bbox 949 1670 1171 1721; x_wconf 88' lang='lat' dir='ltr'>emendo</span> <span class='ocrx_word' id='word_1_143' title='bbox 1206 1669 1544 1721; x_wconf 86' lang='lat' dir='ltr'>considerare</span> <span class='ocrx_word' id='word_1_144' title='bbox 1579 1669 1812 1722; x_wconf 77' lang='lat' dir='ltr'>debebis,</span> 
     </span>
     <span class='ocr_line' id='line_1_21' title="bbox 119 1742 1883 1811; baseline -0.002 -15"><span class='ocrx_word' id='word_1_145' title='bbox 119 1763 187 1796; x_wconf 90' lang='lat' dir='ltr'>ne</span> <span class='ocrx_word' id='word_1_146' title='bbox 228 1744 448 1799; x_wconf 64' lang='lat' dir='ltr'>bonum&gt;</span> <span class='ocrx_word' id='word_1_147' title='bbox 473 1745 738 1795; x_wconf 88' lang='lat' dir='ltr'>naturalis</span> <span class='ocrx_word' id='word_1_148' title='bbox 780 1743 1128 1796; x_wconf 86' lang='lat' dir='ltr'>fecunditatis</span> <span class='ocrx_word' id='word_1_149' title='bbox 1172 1743 1464 1796; x_wconf 89' lang='lat' dir='ltr'>colentium</span> <span class='ocrx_word' id='word_1_150' title='bbox 1506 1742 1883 1811; x_wconf 78' lang='lat' dir='ltr'>depraua1·it20</span> 
     </span>
     <span class='ocr_line' id='line_1_22' title="bbox 123 1816 1814 1888; baseline -0.001 -19"><span class='ocrx_word' id='word_1_151' title='bbox 123 1818 321 1870; x_wconf 88' lang='lat' dir='ltr'>inertia</span> <span class='ocrx_word' id='word_1_152' title='bbox 367 1822 420 1870; x_wconf 91' lang='lat' dir='ltr'>et</span> <span class='ocrx_word' id='word_1_153' title='bbox 460 1818 518 1870; x_wconf 90' lang='lat' dir='ltr'>in</span> <span class='ocrx_word' id='word_1_154' title='bbox 558 1818 850 1888; x_wconf 82' lang='lat' dir='ltr'>degeneres</span> <span class='ocrx_word' id='word_1_155' title='bbox 893 1818 1137 1870; x_wconf 88' lang='lat' dir='ltr'>surculos</span> <span class='ocrx_word' id='word_1_156' title='bbox 1178 1818 1312 1869; x_wconf 89' lang='lat' dir='ltr'>uber</span> <span class='ocrx_word' id='word_1_157' title='bbox 1352 1817 1456 1869; x_wconf 91' lang='lat' dir='ltr'>soli</span> <span class='ocrx_word' id='word_1_158' title='bbox 1495 1816 1688 1870; x_wconf 83' lang='lat' dir='ltr'>feracis</span> <span class='ocrx_word' id='word_1_159' title='bbox 1730 1836 1814 1869; x_wconf 82' lang='lat' dir='ltr'>ex—</span> 
     </span>
     <span class='ocr_line' id='line_1_23' title="bbox 123 1891 1811 1961; baseline -0.001 -17"><span class='ocrx_word' id='word_1_160' title='bbox 123 1893 394 1960; x_wconf 89' lang='lat' dir='ltr'>penderit:</span> <span class='ocrx_word' id='word_1_161' title='bbox 438 1892 579 1960; x_wconf 90' lang='lat' dir='ltr'>quod</span> <span class='ocrx_word' id='word_1_162' title='bbox 623 1893 870 1961; x_wconf 87' lang='lat' dir='ltr'>quamuis</span> <span class='ocrx_word' id='word_1_163' title='bbox 905 1892 1177 1944; x_wconf 87' lang='lat' dir='ltr'>emendari</span> <span class='ocrx_word' id='word_1_164' title='bbox 1210 1892 1385 1960; x_wconf 88' lang='lat' dir='ltr'>possit</span> <span class='ocrx_word' id='word_1_165' title='bbox 1417 1891 1673 1944; x_wconf 89' lang='lat' dir='ltr'>insitione</span> <span class='ocrx_word' id='word_1_166' title='bbox 1707 1910 1811 1943; x_wconf 91' lang='lat' dir='ltr'>me-</span> 
     </span>
     <span class='ocr_line' id='line_1_24' title="bbox 125 1965 1813 2035; baseline 0 -17"><span class='ocrx_word' id='word_1_167' title='bbox 125 1967 348 2035; x_wconf 82' lang='lat' dir='ltr'>liorum,</span> <span class='ocrx_word' id='word_1_168' title='bbox 395 1970 580 2018; x_wconf 89' lang='lat' dir='ltr'>tamen</span> <span class='ocrx_word' id='word_1_169' title='bbox 628 1967 821 2018; x_wconf 88' lang='lat' dir='ltr'>harum</span> <span class='ocrx_word' id='word_1_170' title='bbox 869 1985 1048 2018; x_wconf 88' lang='lat' dir='ltr'>rerum</span> <span class='ocrx_word' id='word_1_171' title='bbox 1098 1967 1211 2018; x_wconf 86' lang='lat' dir='ltr'>sine</span> <span class='ocrx_word' id='word_1_172' title='bbox 1258 1967 1415 2034; x_wconf 85' lang='lat' dir='ltr'>culpa</span> <span class='ocrx_word' id='word_1_173' title='bbox 1454 1965 1645 2018; x_wconf 89' lang='lat' dir='ltr'>melior</span> <span class='ocrx_word' id='word_1_174' title='bbox 1683 1984 1813 2018; x_wconf 88' lang='lat' dir='ltr'>usus</span> 
     </span>
    </p>

    <p class='ocr_par' dir='ltr' id='par_1_7' title="bbox 69 2040 1883 2184">
     <span class='ocr_line' id='line_1_25' title="bbox 69 2040 1814 2109; baseline -0.001 -17"><span class='ocrx_word' id='word_1_175' title='bbox 69 2043 207 2093; x_wconf 64' lang='lat' dir='ltr'>Zest</span> <span class='ocrx_word' id='word_1_176' title='bbox 249 2059 410 2109; x_wconf 87' lang='lat' dir='ltr'>quam</span> <span class='ocrx_word' id='word_1_177' title='bbox 451 2059 572 2092; x_wconf 93' lang='lat' dir='ltr'>cum</span> <span class='ocrx_word' id='word_1_178' title='bbox 615 2059 707 2109; x_wconf 91' lang='lat' dir='ltr'>spe</span> <span class='ocrx_word' id='word_1_179' title='bbox 746 2040 1050 2109; x_wconf 80' lang='lat' dir='ltr'>corrigendi</span> <span class='ocrx_word' id='word_1_180' title='bbox 1084 2059 1234 2092; x_wconf 92' lang='lat' dir='ltr'>serus</span> <span class='ocrx_word' id='word_1_181' title='bbox 1269 2043 1507 2092; x_wconf 88' lang='lat' dir='ltr'>euentus.</span> <span class='ocrx_word' id='word_1_182' title='bbox 1571 2041 1628 2092; x_wconf 91' lang='lat' dir='ltr'>in</span> <span class='ocrx_word' id='word_1_183' title='bbox 1660 2041 1814 2093; x_wconf 91' lang='lat' dir='ltr'>semi-</span> 
     </span>
     <span class='ocr_line' id='line_1_26' title="bbox 126 2114 1883 2184; baseline -0.002 -18"><span class='ocrx_word' id='word_1_184' title='bbox 126 2114 286 2166; x_wconf 91' lang='lat' dir='ltr'>nibus</span> <span class='ocrx_word' id='word_1_185' title='bbox 339 2133 468 2184; x_wconf 81' lang='lat' dir='ltr'>ergo</span> <span class='ocrx_word' id='word_1_186' title='bbox 517 2114 916 2167; x_wconf 86' lang='lat' dir='ltr'>frumentorum</span> <span class='ocrx_word' id='word_1_187' title='bbox 964 2133 1217 2183; x_wconf 87' lang='lat' dir='ltr'>praesens</span> <span class='ocrx_word' id='word_1_188' title='bbox 1273 2114 1575 2166; x_wconf 84' lang='lat' dir='ltr'>emendatio</span> <span class='ocrx_word' id='word_1_189' title='bbox 1630 2117 1812 2182; x_wconf 87' lang='lat' dir='ltr'>potest</span> <span class='ocrx_word' id='word_1_190' title='bbox 1839 2132 1883 2163; x_wconf 79' lang='lat'>25</span> 
     </span>
    </p>
   </div>
   <div class='ocr_carea' id='block_1_5' title="bbox 120 2229 1815 3000">
    <p class='ocr_par' dir='ltr' id='par_1_8' title="bbox 120 2229 1815 3000">
     <span class='ocr_line' id='line_1_27' title="bbox 245 2229 1815 2288; baseline -0.001 -15"><span class='ocrx_word' id='word_1_191' title='bbox 245 2236 268 2273; x_wconf 99' lang='grc'>2</span> <span class='ocrx_word' id='word_1_192' title='bbox 315 2230 439 2287; x_wconf 83' lang='lat' dir='ltr'>cogit</span> <span class='ocrx_word' id='word_1_193' title='bbox 488 2230 683 2274; x_wconf 75' lang='lat' dir='ltr'><strong><em>VSGE</em></strong></span> <span class='ocrx_word' id='word_1_194' title='bbox 723 2234 727 2288; x_wconf 96' lang='grc'>1</span> <span class='ocrx_word' id='word_1_195' title='bbox 774 2234 817 2274; x_wconf 84' lang='lat' dir='ltr'>et</span> <span class='ocrx_word' id='word_1_196' title='bbox 868 2231 923 2273; x_wconf 85' lang='lat' dir='ltr'>de</span> <span class='ocrx_word' id='word_1_197' title='bbox 974 2231 1096 2273; x_wconf 76' lang='lat' dir='ltr'>salsa</span> <span class='ocrx_word' id='word_1_198' title='bbox 1144 2234 1268 2274; x_wconf 84' lang='lat' dir='ltr'>terra</span> <span class='ocrx_word' id='word_1_199' title='bbox 1312 2230 1374 2285; x_wconf 78' lang='lat' dir='ltr'>G,</span> <span class='ocrx_word' id='word_1_200' title='bbox 1422 2230 1471 2272; x_wconf 89' lang='lat' dir='ltr'>in</span> <span class='ocrx_word' id='word_1_201' title='bbox 1519 2229 1644 2273; x_wconf 85' lang='lat' dir='ltr'>salsa</span> <span class='ocrx_word' id='word_1_202' title='bbox 1690 2231 1815 2273; x_wconf 80' lang='lat' dir='ltr'>terra·</span> 
     </span>
     <span class='ocr_line' id='line_1_28' title="bbox 125 2290 1813 2348; baseline -0.001 -15"><span class='ocrx_word' id='word_1_203' title='bbox 125 2305 252 2347; x_wconf 69' lang='lat' dir='ltr'>acys</span> <span class='ocrx_word' id='word_1_204' title='bbox 280 2291 285 2348; x_wconf 93' lang='grc'>1</span> <span class='ocrx_word' id='word_1_205' title='bbox 316 2290 491 2346; x_wconf 80' lang='lat' dir='ltr'>sperari</span> <span class='ocrx_word' id='word_1_206' title='bbox 535 2290 845 2346; x_wconf 67' lang='lat' dir='ltr'>QSTGEF,</span> <span class='ocrx_word' id='word_1_207' title='bbox 888 2290 1068 2345; x_wconf 78' lang='lat' dir='ltr'>aliquid</span> <span class='ocrx_word' id='word_1_208' title='bbox 1109 2290 1291 2346; x_wconf 81' lang='lat' dir='ltr'>operari</span> <span class='ocrx_word' id='word_1_209' title='bbox 1333 2305 1459 2347; x_wconf 63' lang='lat' dir='ltr'>acy-s</span> <span class='ocrx_word' id='word_1_210' title='bbox 1549 2295 1573 2332; x_wconf 89' lang='lat'>3</span> <span class='ocrx_word' id='word_1_211' title='bbox 1609 2291 1813 2332; x_wconf 79' lang='lat' dir='ltr'>extremo</span> 
     </span>
     <span class='ocr_line' id='line_1_29' title="bbox 127 2348 1814 2406; baseline -0.002 -13"><span class='ocrx_word' id='word_1_212' title='bbox 127 2354 351 2393; x_wconf 83' lang='lat' dir='ltr'>autumno</span> <span class='ocrx_word' id='word_1_213' title='bbox 401 2365 528 2406; x_wconf 65' lang='lat' dir='ltr'>acy-s·</span> <span class='ocrx_word' id='word_1_214' title='bbox 567 2353 579 2405; x_wconf 91' lang='grc'>11</span> <span class='ocrx_word' id='word_1_215' title='bbox 621 2354 645 2391; x_wconf 82' lang='grc'>8</span> <span class='ocrx_word' id='word_1_216' title='bbox 694 2349 882 2406; x_wconf 77' lang='lat' dir='ltr'>insuper</span> <span class='ocrx_word' id='word_1_217' title='bbox 928 2352 1033 2392; x_wconf 76' lang='lat' dir='ltr'>sunt</span> <span class='ocrx_word' id='word_1_218' title='bbox 1078 2366 1105 2393; x_wconf 74' lang='lat' dir='ltr'>(c</span> <span class='ocrx_word' id='word_1_219' title='bbox 1143 2353 1243 2406; x_wconf 91' lang='grc'>1110</span> <span class='ocrx_word' id='word_1_220' title='bbox 1290 2353 1471 2393; x_wconf 89' lang='lat' dir='ltr'>nocent.</span> <span class='ocrx_word' id='word_1_221' title='bbox 1530 2348 1644 2405; x_wconf 85' lang='lat' dir='ltr'>quid</span> <span class='ocrx_word' id='word_1_222' title='bbox 1691 2348 1814 2391; x_wconf 87' lang='lat' dir='ltr'>enim</span> 
     </span>
     <span class='ocr_line' id='line_1_30' title="bbox 125 2408 1815 2465; baseline -0.001 -13"><span class='ocrx_word' id='word_1_223' title='bbox 125 2409 295 2452; x_wconf 82' lang='lat' dir='ltr'>latenti</span> <span class='ocrx_word' id='word_1_224' title='bbox 327 2412 521 2465; x_wconf 83' lang='lat' dir='ltr'>prosunt</span> <span class='ocrx_word' id='word_1_225' title='bbox 554 2409 601 2452; x_wconf 92' lang='lat' dir='ltr'>in</span> <span class='ocrx_word' id='word_1_226' title='bbox 634 2409 770 2452; x_wconf 71' lang='lat' dir='ltr'>terris</span> <span class='ocrx_word' id='word_1_227' title='bbox 813 2408 979 2452; x_wconf 80' lang='lat' dir='ltr'>calidis</span> <span class='ocrx_word' id='word_1_228' title='bbox 1014 2412 1059 2452; x_wconf 85' lang='lat' dir='ltr'>et</span> <span class='ocrx_word' id='word_1_229' title='bbox 1093 2409 1248 2454; x_wconf 84' lang='lat' dir='ltr'>siccis:</span> <span class='ocrx_word' id='word_1_230' title='bbox 1291 2409 1540 2452; x_wconf 85' lang='lat' dir='ltr'>dummodo</span> <span class='ocrx_word' id='word_1_231' title='bbox 1582 2408 1646 2451; x_wconf 88' lang='lat' dir='ltr'>eis</span> <span class='ocrx_word' id='word_1_232' title='bbox 1687 2410 1815 2451; x_wconf 81' lang='lat' dir='ltr'>terra</span> 
     </span>
     <span class='ocr_line' id='line_1_31' title="bbox 123 2466 1814 2525; baseline -0.001 -14"><span class='ocrx_word' id='word_1_233' title='bbox 123 2468 274 2512; x_wconf 76' lang='lat' dir='ltr'>subsit</span> <span class='ocrx_word' id='word_1_234' title='bbox 313 2470 350 2523; x_wconf 64' lang='lat' dir='ltr'>i,</span> <span class='ocrx_word' id='word_1_235' title='bbox 393 2471 581 2523; x_wconf 78' lang='lat' dir='ltr'>nocent3</span> <span class='ocrx_word' id='word_1_236' title='bbox 629 2483 749 2524; x_wconf 80' lang='lat' dir='ltr'>quae</span> <span class='ocrx_word' id='word_1_237' title='bbox 789 2471 946 2511; x_wconf 85' lang='lat' dir='ltr'>tamen</span> <span class='ocrx_word' id='word_1_238' title='bbox 988 2468 1187 2512; x_wconf 80' lang='lat' dir='ltr'>latentia</span> <span class='ocrx_word' id='word_1_239' title='bbox 1226 2471 1419 2525; x_wconf 85' lang='lat' dir='ltr'>prosunt</span> <span class='ocrx_word' id='word_1_240' title='bbox 1452 2468 1500 2510; x_wconf 88' lang='lat' dir='ltr'>in</span> <span class='ocrx_word' id='word_1_241' title='bbox 1532 2467 1668 2511; x_wconf 85' lang='lat' dir='ltr'>terris</span> <span class='ocrx_word' id='word_1_242' title='bbox 1702 2466 1814 2510; x_wconf 86' lang='lat' dir='ltr'>cali-</span> 
     </span>
     <span class='ocr_line' id='line_1_32' title="bbox 122 2527 1813 2584; baseline 0 -14"><span class='ocrx_word' id='word_1_243' title='bbox 122 2529 193 2571; x_wconf 82' lang='lat' dir='ltr'>dis</span> <span class='ocrx_word' id='word_1_244' title='bbox 232 2530 278 2571; x_wconf 91' lang='lat' dir='ltr'>et</span> <span class='ocrx_word' id='word_1_245' title='bbox 303 2527 452 2582; x_wconf 78' lang='lat' dir='ltr'>siccis,</span> <span class='ocrx_word' id='word_1_246' title='bbox 487 2528 736 2571; x_wconf 85' lang='lat' dir='ltr'>dummodo</span> <span class='ocrx_word' id='word_1_247' title='bbox 772 2527 836 2571; x_wconf 84' lang='lat' dir='ltr'>eis</span> <span class='ocrx_word' id='word_1_248' title='bbox 870 2531 992 2571; x_wconf 86' lang='lat' dir='ltr'>terra</span> <span class='ocrx_word' id='word_1_249' title='bbox 1031 2528 1231 2584; x_wconf 73' lang='lat' dir='ltr'>supersit</span> <span class='ocrx_word' id='word_1_250' title='bbox 1261 2543 1282 2571; x_wconf 72' lang='grc' dir='ltr'>,ς</span> <span class='ocrx_word' id='word_1_251' title='bbox 1310 2531 1314 2583; x_wconf 94' lang='grc'>1</span> <span class='ocrx_word' id='word_1_252' title='bbox 1344 2528 1410 2570; x_wconf 89' lang='lat' dir='ltr'>De</span> <span class='ocrx_word' id='word_1_253' title='bbox 1443 2527 1643 2570; x_wconf 86' lang='lat' dir='ltr'>fossione</span> <span class='ocrx_word' id='word_1_254' title='bbox 1676 2527 1813 2570; x_wconf 88' lang='lat' dir='ltr'>arbo—</span> 
     </span>
     <span class='ocr_line' id='line_1_33' title="bbox 120 2585 1814 2644; baseline -0.002 -14"><span class='ocrx_word' id='word_1_255' title='bbox 120 2603 222 2630; x_wconf 86' lang='lat' dir='ltr'>rum</span> <span class='ocrx_word' id='word_1_256' title='bbox 271 2589 402 2631; x_wconf 64' lang='lat' dir='ltr'>addit</span> <span class='ocrx_word' id='word_1_257' title='bbox 445 2588 510 2631; x_wconf 69' lang='lat'>(1¹3</span> <span class='ocrx_word' id='word_1_258' title='bbox 556 2589 607 2630; x_wconf 62' lang='lat' dir='ltr'>{fn</span> <span class='ocrx_word' id='word_1_259' title='bbox 646 2589 850 2644; x_wconf 63' lang='lat' dir='ltr'>marssine</span> <span class='ocrx_word' id='word_1_260' title='bbox 889 2590 902 2643; x_wconf 90' lang='grc'>11</span> <span class='ocrx_word' id='word_1_261' title='bbox 945 2592 994 2629; x_wconf 95' lang='grc'>11</span> <span class='ocrx_word' id='word_1_262' title='bbox 1038 2587 1179 2630; x_wconf 85' lang='lat' dir='ltr'>fuerit</span> <span class='ocrx_word' id='word_1_263' title='bbox 1211 2588 1302 2631; x_wconf 72' lang='lat' dir='ltr'>SE</span> <span class='ocrx_word' id='word_1_264' title='bbox 1338 2589 1351 2642; x_wconf 90' lang='grc'>11</span> <span class='ocrx_word' id='word_1_265' title='bbox 1394 2592 1445 2629; x_wconf 82' lang='grc'>12</span> <span class='ocrx_word' id='word_1_266' title='bbox 1479 2585 1814 2630; x_wconf 87' lang='lat' dir='ltr'>letaminandis</span> 
     </span>
     <span class='ocr_line' id='line_1_34' title="bbox 123 2645 1811 2703; baseline -0.001 -14"><span class='ocrx_word' id='word_1_267' title='bbox 123 2648 249 2703; x_wconf 56' lang='grc'>,91511</span> <span class='ocrx_word' id='word_1_268' title='bbox 278 2652 332 2689; x_wconf 83' lang='grc'>14</span> <span class='ocrx_word' id='word_1_269' title='bbox 365 2650 531 2690; x_wconf 84' lang='lat' dir='ltr'>nature</span> <span class='ocrx_word' id='word_1_270' title='bbox 559 2647 784 2690; x_wconf 85' lang='lat' dir='ltr'>beneficio</span> <span class='ocrx_word' id='word_1_271' title='bbox 815 2648 865 2701; x_wconf 90' lang='grc' dir='ltr'>Τ,</span> <span class='ocrx_word' id='word_1_272' title='bbox 899 2649 1068 2690; x_wconf 82' lang='lat' dir='ltr'>natura</span> <span class='ocrx_word' id='word_1_273' title='bbox 1093 2646 1331 2690; x_wconf 84' lang='lat' dir='ltr'>beneficiis</span> <span class='ocrx_word' id='word_1_274' title='bbox 1358 2647 1416 2702; x_wconf 86' lang='lat' dir='ltr'>E,</span> <span class='ocrx_word' id='word_1_275' title='bbox 1450 2649 1646 2689; x_wconf 83' lang='lat' dir='ltr'>naturae</span> <span class='ocrx_word' id='word_1_276' title='bbox 1671 2645 1811 2688; x_wconf 87' lang='lat' dir='ltr'>bene-</span> 
     </span>
     <span class='ocr_line' id='line_1_35' title="bbox 124 2704 1812 2761; baseline -0.001 -13"><span class='ocrx_word' id='word_1_277' title='bbox 124 2706 228 2749; x_wconf 90' lang='lat' dir='ltr'>ficio</span> <span class='ocrx_word' id='word_1_278' title='bbox 266 2707 378 2750; x_wconf 67' lang='grc' dir='ltr'>6(ιο</span> <span class='ocrx_word' id='word_1_279' title='bbox 402 2709 414 2761; x_wconf 79' lang='grc' dir='ltr'>ΙΙ</span> <span class='ocrx_word' id='word_1_280' title='bbox 443 2712 495 2749; x_wconf 75' lang='lat'>15</span> <span class='ocrx_word' id='word_1_281' title='bbox 530 2709 688 2750; x_wconf 82' lang='lat' dir='ltr'>tenere</span> <span class='ocrx_word' id='word_1_282' title='bbox 731 2707 770 2749; x_wconf 77' lang='lat' dir='ltr'><em>V</em></span> <span class='ocrx_word' id='word_1_283' title='bbox 800 2708 851 2749; x_wconf 72' lang='lat' dir='ltr'>in</span> <span class='ocrx_word' id='word_1_284' title='bbox 882 2721 1068 2759; x_wconf 45' lang='grc' dir='ltr'><em>’ναξ-αντ(</em></span> <span class='ocrx_word' id='word_1_285' title='bbox 1102 2714 1275 2750; x_wconf 79' lang='lat' dir='ltr'>temere</span> <span class='ocrx_word' id='word_1_286' title='bbox 1309 2706 1366 2761; x_wconf 76' lang='grc' dir='ltr'>κ’,</span> <span class='ocrx_word' id='word_1_287' title='bbox 1401 2720 1454 2749; x_wconf 83' lang='lat' dir='ltr'>ex</span> <span class='ocrx_word' id='word_1_288' title='bbox 1489 2704 1673 2748; x_wconf 79' lang='lat' dir='ltr'>dilectis</span> <span class='ocrx_word' id='word_1_289' title='bbox 1706 2716 1812 2746; x_wconf 89' lang='lat' dir='ltr'>care</span> 
     </span>
     <span class='ocr_line' id='line_1_36' title="bbox 123 2763 1810 2821; baseline -0.002 -13"><span class='ocrx_word' id='word_1_290' title='bbox 123 2769 168 2808; x_wconf 85' lang='lat' dir='ltr'>et</span> <span class='ocrx_word' id='word_1_291' title='bbox 202 2768 362 2808; x_wconf 82' lang='lat' dir='ltr'>tenere</span> <span class='ocrx_word' id='word_1_292' title='bbox 400 2767 449 2821; x_wconf 79' lang='grc' dir='ltr'>Τ,</span> <span class='ocrx_word' id='word_1_293' title='bbox 486 2780 539 2808; x_wconf 78' lang='lat' dir='ltr'>ex</span> <span class='ocrx_word' id='word_1_294' title='bbox 574 2765 759 2809; x_wconf 82' lang='lat' dir='ltr'>dilectis</span> <span class='ocrx_word' id='word_1_295' title='bbox 794 2769 839 2808; x_wconf 89' lang='lat' dir='ltr'>et</span> <span class='ocrx_word' id='word_1_296' title='bbox 871 2768 1028 2808; x_wconf 84' lang='lat' dir='ltr'>tenere</span> <span class='ocrx_word' id='word_1_297' title='bbox 1063 2765 1274 2808; x_wconf 79' lang='lat' dir='ltr'>educatis</span> <span class='ocrx_word' id='word_1_298' title='bbox 1310 2767 1383 2820; x_wconf 67' lang='lat' dir='ltr'>ia,</span> <span class='ocrx_word' id='word_1_299' title='bbox 1419 2780 1473 2808; x_wconf 79' lang='lat' dir='ltr'>ex</span> <span class='ocrx_word' id='word_1_300' title='bbox 1506 2763 1690 2808; x_wconf 85' lang='lat' dir='ltr'>dilectis</span> <span class='ocrx_word' id='word_1_301' title='bbox 1723 2763 1810 2820; x_wconf 88' lang='lat' dir='ltr'>[et]</span> 
     </span>
     <span class='ocr_line' id='line_1_37' title="bbox 120 2825 1812 2883; baseline -0.003 -15"><span class='ocrx_word' id='word_1_302' title='bbox 120 2826 279 2868; x_wconf 83' lang='lat' dir='ltr'>tenere</span> <span class='ocrx_word' id='word_1_303' title='bbox 316 2825 566 2883; x_wconf 81' lang='lat' dir='ltr'>[educatis]</span> <span class='ocrx_word' id='word_1_304' title='bbox 601 2840 688 2882; x_wconf 74' lang='lat' dir='ltr'>cys</span> <span class='ocrx_word' id='word_1_305' title='bbox 717 2831 721 2881; x_wconf 95' lang='grc'>1</span> <span class='ocrx_word' id='word_1_306' title='bbox 750 2825 969 2868; x_wconf 88' lang='lat' dir='ltr'>fiduciam</span> <span class='ocrx_word' id='word_1_307' title='bbox 1002 2827 1020 2867; x_wconf 72' lang='lat' dir='ltr'>i</span> <span class='ocrx_word' id='word_1_308' title='bbox 1064 2827 1077 2879; x_wconf 90' lang='grc'>11</span> <span class='ocrx_word' id='word_1_309' title='bbox 1121 2830 1172 2868; x_wconf 90' lang='grc'>16</span> <span class='ocrx_word' id='word_1_310' title='bbox 1208 2825 1267 2868; x_wconf 79' lang='lat' dir='ltr'>ad</span> <span class='ocrx_word' id='word_1_311' title='bbox 1300 2839 1381 2868; x_wconf 85' lang='lat' dir='ltr'>om.</span> <span class='ocrx_word' id='word_1_312' title='bbox 1417 2839 1542 2881; x_wconf 72' lang='lat' dir='ltr'>(ceys</span> <span class='ocrx_word' id='word_1_313' title='bbox 1587 2825 1600 2879; x_wconf 94' lang='grc'>11</span> <span class='ocrx_word' id='word_1_314' title='bbox 1650 2827 1702 2865; x_wconf 85' lang='grc'>17</span> <span class='ocrx_word' id='word_1_315' title='bbox 1736 2835 1812 2864; x_wconf 84' lang='lat' dir='ltr'>ex-</span> 
     </span>
     <span class='ocr_line' id='line_1_38' title="bbox 121 2879 1813 2950; baseline -0.002 -24"><span class='ocrx_word' id='word_1_316' title='bbox 121 2886 280 2940; x_wconf 80' lang='lat' dir='ltr'>pectat</span> <span class='ocrx_word' id='word_1_317' title='bbox 317 2898 409 2926; x_wconf 63' lang='lat' dir='ltr'>sscx</span> <span class='ocrx_word' id='word_1_318' title='bbox 403 2887 590 2940; x_wconf 78' lang='lat' dir='ltr'>pectat)</span> <span class='ocrx_word' id='word_1_319' title='bbox 624 2899 772 2928; x_wconf 61' lang='lat' dir='ltr'>omnes·</span> <span class='ocrx_word' id='word_1_320' title='bbox 812 2888 824 2940; x_wconf 94' lang='grc'>11</span> <span class='ocrx_word' id='word_1_321' title='bbox 867 2889 920 2927; x_wconf 77' lang='grc'>18</span> <span class='ocrx_word' id='word_1_322' title='bbox 953 2884 1062 2927; x_wconf 81' lang='lat' dir='ltr'>LE(</span> <span class='ocrx_word' id='word_1_323' title='bbox 1067 2884 1252 2926; x_wconf 67' lang='lat' dir='ltr'>&#39;HONE</span> <span class='ocrx_word' id='word_1_324' title='bbox 1290 2886 1444 2940; x_wconf 58' lang='lat'>(31120</span> <span class='ocrx_word' id='word_1_325' title='bbox 1482 2879 1813 2950; x_wconf 77' lang='lat' dir='ltr'>deprauauerit</span> 
     </span>
     <span class='ocr_line' id='line_1_39' title="bbox 131 2941 1812 3000; baseline -0.002 -14"><span class='ocrx_word' id='word_1_326' title='bbox 131 2944 223 2986; x_wconf 74' lang='lat' dir='ltr'>VT</span> <span class='ocrx_word' id='word_1_327' title='bbox 233 2944 495 3000; x_wconf 63' lang='lat' dir='ltr'>GEeacgss</span> <span class='ocrx_word' id='word_1_328' title='bbox 520 2947 532 2998; x_wconf 93' lang='grc'>11</span> <span class='ocrx_word' id='word_1_329' title='bbox 560 2949 609 2985; x_wconf 92' lang='grc'>21</span> <span class='ocrx_word' id='word_1_330' title='bbox 632 2944 839 2987; x_wconf 85' lang='lat' dir='ltr'>inhercia</span> <span class='ocrx_word' id='word_1_331' title='bbox 860 2945 907 2986; x_wconf 71' lang='lat' dir='ltr'>J]</span> <span class='ocrx_word' id='word_1_332' title='bbox 930 2947 942 2999; x_wconf 92' lang='grc'>11</span> <span class='ocrx_word' id='word_1_333' title='bbox 969 2949 1021 2985; x_wconf 89' lang='grc'>22</span> <span class='ocrx_word' id='word_1_334' title='bbox 1041 2943 1331 2986; x_wconf 75' lang='lat' dir='ltr'>insationel</span> <span class='ocrx_word' id='word_1_335' title='bbox 1352 2947 1414 2999; x_wconf 92' lang='grc'>112</span> <span class='ocrx_word' id='word_1_336' title='bbox 1421 2941 1635 2999; x_wconf 72' lang='lat' dir='ltr'>5poterit</span> <span class='ocrx_word' id='word_1_337' title='bbox 1658 2954 1812 2997; x_wconf 72' lang='lat' dir='ltr'>moys</span> 
     </span>
    </p>
   </div>
  </div>
 </body>
</html>
