<?xml version="1.0" encoding="UTF-8"?>
<!DOCTYPE html PUBLIC "-//W3C//DTD XHTML 1.0 Transitional//EN"
    "http://www.w3.org/TR/xhtml1/DTD/xhtml1-transitional.dtd">
<html xmlns="http://www.w3.org/1999/xhtml" xml:lang="en" lang="en">
 <head>
  <title>
</title>
<meta http-equiv="Content-Type" content="text/html;charset=utf-8" />
  <meta name='ocr-system' content='tesseract 3.04.00' />
  <meta name='ocr-capabilities' content='ocr_page ocr_carea ocr_par ocr_line ocrx_word'/>
</head>
<body>
  <div class='ocr_page' id='page_1' title='image "./palladiirvtiliit00palluoft_0139.png"; bbox 0 0 2072 3145; ppageno 0'>
   <div class='ocr_carea' id='block_1_1' title="bbox 743 124 1808 179">
    <p class='ocr_par' dir='ltr' id='par_1_1' title="bbox 743 124 1808 179">
     <span class='ocr_line' id='line_1_1' title="bbox 743 124 1808 179; baseline 0.012 -12"><span class='ocrx_word' id='word_1_1' title='bbox 743 124 937 168; x_wconf 81' lang='lat' dir='ltr'><strong>AGRIC</strong></span> <span class='ocrx_word' id='word_1_2' title='bbox 963 124 1049 167; x_wconf 90' lang='grc' dir='ltr'>ΠΠ</span> <span class='ocrx_word' id='word_1_3' title='bbox 1075 130 1158 168; x_wconf 87' lang='grc'>1-</span> <span class='ocrx_word' id='word_1_4' title='bbox 1165 130 1188 168; x_wconf 81' lang='lat'>7</span> <span class='ocrx_word' id='word_1_5' title='bbox 1703 128 1808 179; x_wconf 83' lang='lat'>119</span> 
     </span>
    </p>
   </div>
   <div class='ocr_carea' id='block_1_2' title="bbox 59 244 1809 612">
    <p class='ocr_par' dir='ltr' id='par_1_2' title="bbox 125 244 1809 318">
     <span class='ocr_line' id='line_1_2' title="bbox 125 244 1809 318; baseline 0.002 -20"><span class='ocrx_word' id='word_1_6' title='bbox 125 246 383 299; x_wconf 82' lang='lat' dir='ltr'>sabulone</span> <span class='ocrx_word' id='word_1_7' title='bbox 448 245 624 297; x_wconf 91' lang='lat' dir='ltr'>solum</span> <span class='ocrx_word' id='word_1_8' title='bbox 687 245 778 297; x_wconf 90' lang='lat' dir='ltr'>sed</span> <span class='ocrx_word' id='word_1_9' title='bbox 831 246 888 297; x_wconf 93' lang='lat' dir='ltr'>in</span> <span class='ocrx_word' id='word_1_10' title='bbox 943 244 1144 297; x_wconf 81' lang='lat' dir='ltr'>harena</span> <span class='ocrx_word' id='word_1_11' title='bbox 1200 264 1410 315; x_wconf 87' lang='lat' dir='ltr'>quoque</span> <span class='ocrx_word' id='word_1_12' title='bbox 1464 249 1809 318; x_wconf 80' lang='lat' dir='ltr'>proueniunt,</span> 
     </span>
    </p>

    <p class='ocr_par' dir='ltr' id='par_1_3' title="bbox 125 319 1809 391">
     <span class='ocr_line' id='line_1_3' title="bbox 125 319 1809 391; baseline 0.002 -19"><span class='ocrx_word' id='word_1_13' title='bbox 125 320 414 373; x_wconf 90' lang='lat' dir='ltr'>dummodo</span> <span class='ocrx_word' id='word_1_14' title='bbox 457 320 604 372; x_wconf 88' lang='lat' dir='ltr'>caelo</span> <span class='ocrx_word' id='word_1_15' title='bbox 646 319 827 370; x_wconf 89' lang='lat' dir='ltr'>umido</span> <span class='ocrx_word' id='word_1_16' title='bbox 870 323 924 371; x_wconf 89' lang='lat' dir='ltr'>et</span> <span class='ocrx_word' id='word_1_17' title='bbox 965 319 1080 371; x_wconf 89' lang='lat' dir='ltr'>solo</span> <span class='ocrx_word' id='word_1_18' title='bbox 1123 324 1370 372; x_wconf 89' lang='lat' dir='ltr'>serantur</span> <span class='ocrx_word' id='word_1_19' title='bbox 1409 321 1641 391; x_wconf 78' lang='lat' dir='ltr'>inrigu0,</span> <span class='ocrx_word' id='word_1_20' title='bbox 1682 323 1809 391; x_wconf 89' lang='lat' dir='ltr'>quia</span> 
     </span>
    </p>

    <p class='ocr_par' dir='ltr' id='par_1_4' title="bbox 126 393 1808 462">
     <span class='ocr_line' id='line_1_4' title="bbox 126 393 1808 462; baseline 0.001 -16"><span class='ocrx_word' id='word_1_21' title='bbox 126 394 324 446; x_wconf 87' lang='lat' dir='ltr'>siccum</span> <span class='ocrx_word' id='word_1_22' title='bbox 365 397 419 445; x_wconf 88' lang='lat' dir='ltr'>et</span> <span class='ocrx_word' id='word_1_23' title='bbox 456 393 774 462; x_wconf 89' lang='lat' dir='ltr'>argillosum</span> <span class='ocrx_word' id='word_1_24' title='bbox 807 410 998 462; x_wconf 85' lang='lat' dir='ltr'>agrum</span> <span class='ocrx_word' id='word_1_25' title='bbox 1030 393 1398 446; x_wconf 71' lang='lat' dir='ltr'>reformidant.</span> <span class='ocrx_word' id='word_1_26' title='bbox 1460 395 1642 448; x_wconf 84' lang='lat' dir='ltr'>herbis</span> <span class='ocrx_word' id='word_1_27' title='bbox 1677 396 1808 449; x_wconf 90' lang='lat' dir='ltr'>libe-</span> 
     </span>
    </p>

    <p class='ocr_par' dir='ltr' id='par_1_5' title="bbox 59 466 1808 612">
     <span class='ocr_line' id='line_1_5' title="bbox 123 466 1808 539; baseline 0.002 -19"><span class='ocrx_word' id='word_1_28' title='bbox 123 471 309 520; x_wconf 89' lang='lat' dir='ltr'>rentur</span> <span class='ocrx_word' id='word_1_29' title='bbox 342 467 574 519; x_wconf 85' lang='lat' dir='ltr'>adsidue.</span> <span class='ocrx_word' id='word_1_30' title='bbox 632 467 866 536; x_wconf 87' lang='lat' dir='ltr'>quinque</span> <span class='ocrx_word' id='word_1_31' title='bbox 901 466 1149 519; x_wconf 72' lang='lat' dir='ltr'>sextariis</span> <span class='ocrx_word' id='word_1_32' title='bbox 1185 469 1422 536; x_wconf 90' lang='lat' dir='ltr'>spatium</span> <span class='ocrx_word' id='word_1_33' title='bbox 1470 470 1646 539; x_wconf 86' lang='lat' dir='ltr'>iugeri</span> <span class='ocrx_word' id='word_1_34' title='bbox 1679 489 1808 523; x_wconf 88' lang='lat' dir='ltr'>con-</span> 
     </span>
     <span class='ocr_line' id='line_1_6' title="bbox 59 542 377 612; baseline -0.009 -16"><span class='ocrx_word' id='word_1_35' title='bbox 59 563 100 612; x_wconf 27' lang='lat'>*5</span> <span class='ocrx_word' id='word_1_36' title='bbox 126 542 377 610; x_wconf 87' lang='lat' dir='ltr'>plebitur.</span> 
     </span>
    </p>
   </div>
   <div class='ocr_carea' id='block_1_3' title="bbox 210 732 1722 788">
    <p class='ocr_par' dir='ltr' id='par_1_6' title="bbox 210 732 1722 788">
     <span class='ocr_line' id='line_1_7' title="bbox 210 732 1722 788; baseline 0.003 -4"><span class='ocrx_word' id='word_1_37' title='bbox 210 733 308 785; x_wconf 87' lang='lat' dir='ltr'>DE</span> <span class='ocrx_word' id='word_1_38' title='bbox 352 732 615 787; x_wconf 80' lang='lat' dir='ltr'>CICERE</span> <span class='ocrx_word' id='word_1_39' title='bbox 660 732 1001 786; x_wconf 79' lang='lat' dir='ltr'>SERENDO</span> <span class='ocrx_word' id='word_1_40' title='bbox 1044 733 1198 787; x_wconf 80' lang='lat' dir='ltr'>CVM</span> <span class='ocrx_word' id='word_1_41' title='bbox 1242 733 1525 787; x_wconf 84' lang='lat' dir='ltr'>ORDINE</span> <span class='ocrx_word' id='word_1_42' title='bbox 1570 734 1722 788; x_wconf 80' lang='lat' dir='ltr'><strong>SVO.</strong></span> 
     </span>
    </p>
   </div>
   <div class='ocr_carea' id='block_1_4' title="bbox 56 835 1893 1276">
    <p class='ocr_par' dir='ltr' id='par_1_7' title="bbox 124 835 1893 1055">
     <span class='ocr_line' id='line_1_8' title="bbox 232 835 1893 905; baseline 0.002 -16"><span class='ocrx_word' id='word_1_43' title='bbox 232 835 390 890; x_wconf 89' lang='lat' dir='ltr'>Nunc</span> <span class='ocrx_word' id='word_1_44' title='bbox 433 839 570 890; x_wconf 80' lang='lat' dir='ltr'>cicer</span> <span class='ocrx_word' id='word_1_45' title='bbox 610 841 898 905; x_wconf 90' lang='lat' dir='ltr'>utrumque</span> <span class='ocrx_word' id='word_1_46' title='bbox 941 856 1113 890; x_wconf 87' lang='lat' dir='ltr'>serere</span> <span class='ocrx_word' id='word_1_47' title='bbox 1149 838 1404 890; x_wconf 87' lang='lat' dir='ltr'>debemus</span> <span class='ocrx_word' id='word_1_48' title='bbox 1437 839 1556 891; x_wconf 90' lang='lat' dir='ltr'>loco</span> <span class='ocrx_word' id='word_1_49' title='bbox 1589 839 1694 892; x_wconf 91' lang='lat' dir='ltr'>lae-</span> <span class='ocrx_word' id='word_1_50' title='bbox 1777 839 1893 892; x_wconf 89' lang='lat' dir='ltr'>IIII</span> 
     </span>
     <span class='ocr_line' id='line_1_9' title="bbox 124 911 1805 982; baseline 0.002 -19"><span class='ocrx_word' id='word_1_51' title='bbox 124 911 352 979; x_wconf 83' lang='lat' dir='ltr'>tissimo⁷</span> <span class='ocrx_word' id='word_1_52' title='bbox 387 913 534 965; x_wconf 89' lang='lat' dir='ltr'>caelo</span> <span class='ocrx_word' id='word_1_53' title='bbox 560 912 757 964; x_wconf 90' lang='lat' dir='ltr'>umido.</span> <span class='ocrx_word' id='word_1_54' title='bbox 812 912 1192 964; x_wconf 84' lang='lat' dir='ltr'>macerandum</span> <span class='ocrx_word' id='word_1_55' title='bbox 1219 915 1300 964; x_wconf 86' lang='lat' dir='ltr'>est</span> <span class='ocrx_word' id='word_1_56' title='bbox 1325 913 1510 980; x_wconf 84' lang='lat' dir='ltr'>pridie,</span> <span class='ocrx_word' id='word_1_57' title='bbox 1545 917 1605 965; x_wconf 89' lang='lat' dir='ltr'>ut</span> <span class='ocrx_word' id='word_1_58' title='bbox 1629 914 1805 982; x_wconf 90' lang='lat' dir='ltr'>possit</span> 
     </span>
     <span class='ocr_line' id='line_1_10' title="bbox 124 986 1805 1055; baseline 0.002 -19"><span class='ocrx_word' id='word_1_59' title='bbox 124 986 282 1038; x_wconf 89' lang='lat' dir='ltr'>citius</span> <span class='ocrx_word' id='word_1_60' title='bbox 323 987 487 1038; x_wconf 88' lang='lat' dir='ltr'>nasci.</span> <span class='ocrx_word' id='word_1_61' title='bbox 550 987 797 1055; x_wconf 87' lang='lat' dir='ltr'>iugerum</span> <span class='ocrx_word' id='word_1_62' title='bbox 837 986 1011 1038; x_wconf 85' lang='lat' dir='ltr'>tribus</span> <span class='ocrx_word' id='word_1_63' title='bbox 1045 986 1239 1038; x_wconf 89' lang='lat' dir='ltr'>modiis</span> <span class='ocrx_word' id='word_1_64' title='bbox 1273 991 1600 1039; x_wconf 73' lang='lat' dir='ltr'>conseretur.</span> <span class='ocrx_word' id='word_1_65' title='bbox 1665 989 1805 1041; x_wconf 90' lang='lat' dir='ltr'>cicer</span> 
     </span>
    </p>

    <p class='ocr_par' dir='ltr' id='par_1_8' title="bbox 56 1059 1805 1276">
     <span class='ocr_line' id='line_1_11' title="bbox 56 1059 1805 1131; baseline 0.001 -19"><span class='ocrx_word' id='word_1_66' title='bbox 56 1081 98 1112; x_wconf 86' lang='lat'>10</span> <span class='ocrx_word' id='word_1_67' title='bbox 123 1060 323 1127; x_wconf 80' lang='lat' dir='ltr'>grande</span> <span class='ocrx_word' id='word_1_68' title='bbox 362 1061 512 1113; x_wconf 91' lang='lat' dir='ltr'>nasci</span> <span class='ocrx_word' id='word_1_69' title='bbox 547 1059 738 1112; x_wconf 84' lang='lat' dir='ltr'>Graeci</span> <span class='ocrx_word' id='word_1_70' title='bbox 780 1060 979 1128; x_wconf 77' lang='lat' dir='ltr'>dicunt,</span> <span class='ocrx_word' id='word_1_71' title='bbox 1021 1060 1066 1112; x_wconf 89' lang='lat' dir='ltr'>si</span> <span class='ocrx_word' id='word_1_72' title='bbox 1100 1060 1418 1112; x_wconf 70' lang='lat' dir='ltr'>infundatur</span> <span class='ocrx_word' id='word_1_73' title='bbox 1451 1079 1591 1129; x_wconf 88' lang='lat' dir='ltr'>aqua</span> <span class='ocrx_word' id='word_1_74' title='bbox 1622 1062 1805 1131; x_wconf 91' lang='lat' dir='ltr'>tepida</span> 
     </span>
     <span class='ocr_line' id='line_1_12' title="bbox 119 1134 1805 1205; baseline 0.002 -20"><span class='ocrx_word' id='word_1_75' title='bbox 119 1134 312 1201; x_wconf 88' lang='lat' dir='ltr'>pridie:</span> <span class='ocrx_word' id='word_1_76' title='bbox 371 1153 550 1186; x_wconf 87' lang='lat' dir='ltr'>amare</span> <span class='ocrx_word' id='word_1_77' title='bbox 611 1134 774 1186; x_wconf 89' lang='lat' dir='ltr'>etiam</span> <span class='ocrx_word' id='word_1_78' title='bbox 821 1134 940 1187; x_wconf 92' lang='lat' dir='ltr'>loca</span> <span class='ocrx_word' id='word_1_79' title='bbox 986 1134 1280 1186; x_wconf 85' lang='lat' dir='ltr'>maritima:</span> <span class='ocrx_word' id='word_1_80' title='bbox 1335 1136 1628 1203; x_wconf 72' lang='lat' dir='ltr'>temperius</span> <span class='ocrx_word' id='word_1_81' title='bbox 1685 1155 1805 1205; x_wconf 93' lang='lat' dir='ltr'>pro-</span> 
     </span>
     <span class='ocr_line' id='line_1_13' title="bbox 122 1208 978 1276; baseline 0.002 -18"><span class='ocrx_word' id='word_1_82' title='bbox 122 1208 327 1276; x_wconf 80' lang='lat' dir='ltr'>uenire,</span> <span class='ocrx_word' id='word_1_83' title='bbox 370 1209 415 1260; x_wconf 91' lang='lat' dir='ltr'>si</span> <span class='ocrx_word' id='word_1_84' title='bbox 456 1211 665 1260; x_wconf 89' lang='lat' dir='ltr'>seratur</span> <span class='ocrx_word' id='word_1_85' title='bbox 706 1211 978 1260; x_wconf 83' lang='lat' dir='ltr'>autumnO.</span> 
     </span>
    </p>
   </div>
   <div class='ocr_carea' id='block_1_5' title="bbox 707 1398 1217 1453">
    <p class='ocr_par' dir='ltr' id='par_1_9' title="bbox 707 1398 1217 1453">
     <span class='ocr_line' id='line_1_14' title="bbox 707 1398 1217 1453; baseline 0.002 -1"><span class='ocrx_word' id='word_1_86' title='bbox 707 1399 804 1453; x_wconf 94' lang='lat' dir='ltr'>DE</span> <span class='ocrx_word' id='word_1_87' title='bbox 848 1398 1217 1453; x_wconf 83' lang='lat' dir='ltr'><strong>GANNABO.</strong></span> 
     </span>
    </p>
   </div>
   <div class='ocr_carea' id='block_1_6' title="bbox 55 1503 1894 1704">
    <p class='ocr_par' dir='ltr' id='par_1_10' title="bbox 55 1503 1894 1704">
     <span class='ocr_line' id='line_1_15' title="bbox 232 1503 1894 1575; baseline 0.002 -20"><span class='ocrx_word' id='word_1_88' title='bbox 232 1503 544 1556; x_wconf 62' lang='lat' dir='ltr'>Hoc&#39;etiam</span> <span class='ocrx_word' id='word_1_89' title='bbox 569 1522 750 1556; x_wconf 87' lang='lat' dir='ltr'>mense</span> <span class='ocrx_word' id='word_1_90' title='bbox 779 1505 1080 1557; x_wconf 90' lang='lat' dir='ltr'>cannabum</span> <span class='ocrx_word' id='word_1_91' title='bbox 1099 1505 1326 1556; x_wconf 89' lang='lat' dir='ltr'>serimus</span> <span class='ocrx_word' id='word_1_92' title='bbox 1354 1523 1523 1573; x_wconf 89' lang='lat' dir='ltr'>usque</span> <span class='ocrx_word' id='word_1_93' title='bbox 1549 1504 1605 1556; x_wconf 93' lang='lat' dir='ltr'>in</span> <span class='ocrx_word' id='word_1_94' title='bbox 1631 1506 1808 1575; x_wconf 89' lang='lat' dir='ltr'>aequi·</span> <span class='ocrx_word' id='word_1_95' title='bbox 1844 1506 1894 1558; x_wconf 93' lang='lat' dir='ltr'><strong>V</strong></span> 
     </span>
     <span class='ocr_line' id='line_1_16' title="bbox 55 1577 1806 1649; baseline 0.001 -19"><span class='ocrx_word' id='word_1_96' title='bbox 55 1599 96 1631; x_wconf 85' lang='lat'>15</span> <span class='ocrx_word' id='word_1_97' title='bbox 120 1577 363 1629; x_wconf 88' lang='lat' dir='ltr'>noctium</span> <span class='ocrx_word' id='word_1_98' title='bbox 402 1597 628 1630; x_wconf 88' lang='lat' dir='ltr'>uernum</span> <span class='ocrx_word' id='word_1_99' title='bbox 668 1578 769 1631; x_wconf 91' lang='lat' dir='ltr'>hac</span> <span class='ocrx_word' id='word_1_100' title='bbox 810 1579 1035 1647; x_wconf 88' lang='lat' dir='ltr'>ratione⁷</span> <span class='ocrx_word' id='word_1_101' title='bbox 1077 1597 1182 1647; x_wconf 88' lang='lat' dir='ltr'>qua</span> <span class='ocrx_word' id='word_1_102' title='bbox 1220 1578 1277 1630; x_wconf 89' lang='lat' dir='ltr'>in</span> <span class='ocrx_word' id='word_1_103' title='bbox 1317 1578 1590 1631; x_wconf 85' lang='lat' dir='ltr'>februario</span> <span class='ocrx_word' id='word_1_104' title='bbox 1628 1579 1806 1649; x_wconf 90' lang='lat' dir='ltr'>dispu-</span> 
     </span>
     <span class='ocr_line' id='line_1_17' title="bbox 122 1655 432 1704; baseline 0.006 -2"><span class='ocrx_word' id='word_1_105' title='bbox 122 1655 297 1703; x_wconf 86' lang='lat' dir='ltr'>tatum</span> <span class='ocrx_word' id='word_1_106' title='bbox 338 1655 432 1704; x_wconf 89' lang='lat' dir='ltr'>est.</span> 
     </span>
    </p>
   </div>
   <div class='ocr_carea' id='block_1_7' title="bbox 747 1769 1181 1828">
    <p class='ocr_par' dir='ltr' id='par_1_11' title="bbox 747 1769 1181 1828">
     <span class='ocr_line' id='line_1_18' title="bbox 747 1769 1181 1828; baseline 0.014 -7"><span class='ocrx_word' id='word_1_107' title='bbox 747 1769 845 1822; x_wconf 94' lang='lat' dir='ltr'>DE</span> <span class='ocrx_word' id='word_1_108' title='bbox 889 1769 1181 1828; x_wconf 83' lang='lat' dir='ltr'>CICERA.</span> 
     </span>
    </p>
   </div>
   <div class='ocr_carea' id='block_1_8' title="bbox 54 1873 1894 2164">
    <p class='ocr_par' dir='ltr' id='par_1_12' title="bbox 54 1873 1894 2164">
     <span class='ocr_line' id='line_1_19' title="bbox 231 1873 1894 1942; baseline 0.002 -18"><span class='ocrx_word' id='word_1_109' title='bbox 231 1873 389 1925; x_wconf 89' lang='lat' dir='ltr'>Nunc</span> <span class='ocrx_word' id='word_1_110' title='bbox 431 1874 604 1926; x_wconf 84' lang='lat' dir='ltr'>cicera</span> <span class='ocrx_word' id='word_1_111' title='bbox 644 1874 854 1942; x_wconf 77' lang='lat' dir='ltr'>seritur,</span> <span class='ocrx_word' id='word_1_112' title='bbox 896 1892 1030 1941; x_wconf 88' lang='lat' dir='ltr'>quae</span> <span class='ocrx_word' id='word_1_113' title='bbox 1072 1874 1240 1925; x_wconf 91' lang='lat' dir='ltr'>distat</span> <span class='ocrx_word' id='word_1_114' title='bbox 1280 1893 1310 1926; x_wconf 92' lang='lat' dir='ltr'>a</span> <span class='ocrx_word' id='word_1_115' title='bbox 1351 1874 1614 1927; x_wconf 89' lang='lat' dir='ltr'>cicercula</span> <span class='ocrx_word' id='word_1_116' title='bbox 1656 1876 1771 1928; x_wconf 92' lang='lat' dir='ltr'>solo</span> <span class='ocrx_word' id='word_1_117' title='bbox 1813 1874 1894 1927; x_wconf 90' lang='lat' dir='ltr'>VI</span> 
     </span>
     <span class='ocr_line' id='line_1_20' title="bbox 121 1947 1804 2016; baseline 0.002 -17"><span class='ocrx_word' id='word_1_118' title='bbox 121 1948 323 2015; x_wconf 83' lang='lat' dir='ltr'>colore,</span> <span class='ocrx_word' id='word_1_119' title='bbox 372 1966 476 2016; x_wconf 90' lang='lat' dir='ltr'>quo</span> <span class='ocrx_word' id='word_1_120' title='bbox 528 1947 731 2015; x_wconf 86' lang='lat' dir='ltr'>sordet,</span> <span class='ocrx_word' id='word_1_121' title='bbox 781 1951 834 1999; x_wconf 91' lang='lat' dir='ltr'>et</span> <span class='ocrx_word' id='word_1_122' title='bbox 881 1947 1089 2016; x_wconf 78' lang='lat' dir='ltr'>nigrior</span> <span class='ocrx_word' id='word_1_123' title='bbox 1137 1952 1242 2015; x_wconf 81' lang='lat' dir='ltr'>est,</span> <span class='ocrx_word' id='word_1_124' title='bbox 1293 1949 1469 2016; x_wconf 91' lang='lat' dir='ltr'>primo</span> <span class='ocrx_word' id='word_1_125' title='bbox 1519 1949 1667 2002; x_wconf 89' lang='lat' dir='ltr'>sulco</span> <span class='ocrx_word' id='word_1_126' title='bbox 1716 1950 1804 2002; x_wconf 91' lang='lat' dir='ltr'>uel</span> 
     </span>
     <span class='ocr_line' id='line_1_21' title="bbox 54 2021 1804 2091; baseline 0.001 -17"><span class='ocrx_word' id='word_1_127' title='bbox 54 2043 96 2074; x_wconf 84' lang='lat'>20</span> <span class='ocrx_word' id='word_1_128' title='bbox 122 2022 353 2074; x_wconf 85' lang='lat' dir='ltr'>secundo</span> <span class='ocrx_word' id='word_1_129' title='bbox 403 2021 518 2073; x_wconf 90' lang='lat' dir='ltr'>solo</span> <span class='ocrx_word' id='word_1_130' title='bbox 559 2022 719 2074; x_wconf 76' lang='lat' dir='ltr'>laeto,</span> <span class='ocrx_word' id='word_1_131' title='bbox 780 2023 1030 2091; x_wconf 89' lang='lat' dir='ltr'>iugerum</span> <span class='ocrx_word' id='word_1_132' title='bbox 1072 2026 1332 2090; x_wconf 86' lang='lat' dir='ltr'>quattuor</span> <span class='ocrx_word' id='word_1_133' title='bbox 1370 2023 1458 2074; x_wconf 91' lang='lat' dir='ltr'>uel</span> <span class='ocrx_word' id='word_1_134' title='bbox 1499 2022 1674 2076; x_wconf 91' lang='lat' dir='ltr'>tribus</span> <span class='ocrx_word' id='word_1_135' title='bbox 1715 2024 1804 2076; x_wconf 91' lang='lat' dir='ltr'>uel</span> 
     </span>
     <span class='ocr_line' id='line_1_22' title="bbox 121 2095 1147 2164; baseline 0 -17"><span class='ocrx_word' id='word_1_136' title='bbox 121 2096 285 2147; x_wconf 90' lang='lat' dir='ltr'>etiam</span> <span class='ocrx_word' id='word_1_137' title='bbox 326 2095 532 2147; x_wconf 87' lang='lat' dir='ltr'>duobus</span> <span class='ocrx_word' id='word_1_138' title='bbox 573 2096 768 2148; x_wconf 88' lang='lat' dir='ltr'>modiis</span> <span class='ocrx_word' id='word_1_139' title='bbox 808 2095 1147 2164; x_wconf 89' lang='lat' dir='ltr'>inplebimus.</span> 
     </span>
    </p>
   </div>
   <div class='ocr_carea' id='block_1_9' title="bbox 119 2272 1802 2416">
    <p class='ocr_par' dir='ltr' id='par_1_13' title="bbox 119 2272 1802 2416">
     <span class='ocr_line' id='line_1_23' title="bbox 119 2272 1802 2343; baseline 0.001 -19"><span class='ocrx_word' id='word_1_140' title='bbox 119 2272 216 2324; x_wconf 88' lang='lat' dir='ltr'>DE</span> <span class='ocrx_word' id='word_1_141' title='bbox 267 2272 635 2329; x_wconf 80' lang='lat' dir='ltr'>NOVELLIS</span> <span class='ocrx_word' id='word_1_142' title='bbox 684 2272 1212 2327; x_wconf 74' lang='lat' dir='ltr'>PVLVERANDIS</span> <span class='ocrx_word' id='word_1_143' title='bbox 1252 2274 1346 2326; x_wconf 88' lang='grc' dir='ltr'>ΕΤ</span> <span class='ocrx_word' id='word_1_144' title='bbox 1386 2273 1802 2343; x_wconf 82' lang='lat' dir='ltr'>FODIENDIS‚</span> 
     </span>
     <span class='ocr_line' id='line_1_24' title="bbox 334 2359 1588 2416; baseline 0.002 -4"><span class='ocrx_word' id='word_1_145' title='bbox 334 2359 629 2413; x_wconf 77' lang='lat' dir='ltr'><strong>VITIBVS</strong></span> <span class='ocrx_word' id='word_1_146' title='bbox 671 2360 1043 2414; x_wconf 76' lang='lat' dir='ltr'><strong>PALANDIS</strong></span> <span class='ocrx_word' id='word_1_147' title='bbox 1085 2360 1178 2415; x_wconf 80' lang='lat' dir='ltr'>AO</span> <span class='ocrx_word' id='word_1_148' title='bbox 1221 2361 1588 2416; x_wconf 81' lang='lat' dir='ltr'><strong>LIGANDIS.</strong></span> 
     </span>
    </p>
   </div>
   <div class='ocr_carea' id='block_1_10' title="bbox 54 2463 1892 2608">
    <p class='ocr_par' dir='ltr' id='par_1_14' title="bbox 54 2463 1892 2608">
     <span class='ocr_line' id='line_1_25' title="bbox 229 2463 1892 2534; baseline 0.002 -18"><span class='ocrx_word' id='word_1_149' title='bbox 229 2463 348 2516; x_wconf 88' lang='lat' dir='ltr'>Hoc</span> <span class='ocrx_word' id='word_1_150' title='bbox 381 2483 562 2516; x_wconf 88' lang='lat' dir='ltr'>mense</span> <span class='ocrx_word' id='word_1_151' title='bbox 594 2465 810 2518; x_wconf 85' lang='lat' dir='ltr'>nouella</span> <span class='ocrx_word' id='word_1_152' title='bbox 842 2465 999 2518; x_wconf 91' lang='lat' dir='ltr'>uinea</span> <span class='ocrx_word' id='word_1_153' title='bbox 1032 2466 1258 2534; x_wconf 90' lang='lat' dir='ltr'>incipiat</span> <span class='ocrx_word' id='word_1_154' title='bbox 1282 2467 1571 2534; x_wconf 86' lang='lat' dir='ltr'>puluerari‚</span> <span class='ocrx_word' id='word_1_155' title='bbox 1606 2467 1746 2534; x_wconf 91' lang='lat' dir='ltr'>quod</span> <span class='ocrx_word' id='word_1_156' title='bbox 1783 2467 1892 2519; x_wconf 92' lang='lat' dir='ltr'>VII</span> 
     </span>
     <span class='ocr_line' id='line_1_26' title="bbox 54 2538 1802 2608; baseline 0.001 -16"><span class='ocrx_word' id='word_1_157' title='bbox 54 2560 96 2592; x_wconf 85' lang='lat'>25</span> <span class='ocrx_word' id='word_1_158' title='bbox 121 2557 262 2590; x_wconf 87' lang='lat' dir='ltr'>nunc</span> <span class='ocrx_word' id='word_1_159' title='bbox 303 2556 363 2590; x_wconf 86' lang='lat' dir='ltr'>ac</span> <span class='ocrx_word' id='word_1_160' title='bbox 404 2538 652 2607; x_wconf 87' lang='lat' dir='ltr'>deinceps</span> <span class='ocrx_word' id='word_1_161' title='bbox 692 2558 788 2608; x_wconf 89' lang='lat' dir='ltr'>per</span> <span class='ocrx_word' id='word_1_162' title='bbox 829 2558 1012 2591; x_wconf 89' lang='lat' dir='ltr'>omnes</span> <span class='ocrx_word' id='word_1_163' title='bbox 1054 2540 1301 2592; x_wconf 88' lang='lat' dir='ltr'>calendas</span> <span class='ocrx_word' id='word_1_164' title='bbox 1342 2558 1510 2608; x_wconf 90' lang='lat' dir='ltr'>usque</span> <span class='ocrx_word' id='word_1_165' title='bbox 1552 2541 1619 2592; x_wconf 89' lang='lat' dir='ltr'>ad</span> <span class='ocrx_word' id='word_1_166' title='bbox 1660 2546 1802 2593; x_wconf 91' lang='lat' dir='ltr'>octo·</span> 
     </span>
    </p>
   </div>
   <div class='ocr_carea' id='block_1_11' title="bbox 118 2682 1803 2965">
    <p class='ocr_par' dir='ltr' id='par_1_15' title="bbox 118 2682 1803 2965">
     <span class='ocr_line' id='line_1_27' title="bbox 241 2682 1803 2750; baseline 0.002 -25"><span class='ocrx_word' id='word_1_167' title='bbox 241 2688 262 2725; x_wconf 91' lang='lat'>1</span> <span class='ocrx_word' id='word_1_168' title='bbox 284 2682 447 2725; x_wconf 88' lang='lat' dir='ltr'>sabulo</span> <span class='ocrx_word' id='word_1_169' title='bbox 466 2684 529 2740; x_wconf 77' lang='lat' dir='ltr'>EQ</span> <span class='ocrx_word' id='word_1_170' title='bbox 550 2698 656 2727; x_wconf 88' lang='lat' dir='ltr'>arca</span> <span class='ocrx_word' id='word_1_171' title='bbox 674 2685 751 2727; x_wconf 89' lang='grc' dir='ltr'><em>Ε</em></span> <span class='ocrx_word' id='word_1_172' title='bbox 769 2690 795 2726; x_wconf 84' lang='lat'>4</span> <span class='ocrx_word' id='word_1_173' title='bbox 813 2683 894 2740; x_wconf 88' lang='lat' dir='ltr'>iug</span> <span class='ocrx_word' id='word_1_174' title='bbox 898 2684 1022 2728; x_wconf 91' lang='lat' dir='ltr'>erale</span> <span class='ocrx_word' id='word_1_175' title='bbox 1040 2685 1100 2727; x_wconf 83' lang='lat' dir='ltr'><em>V</em></span> <span class='ocrx_word' id='word_1_176' title='bbox 1086 2685 1146 2728; x_wconf 82' lang='lat' dir='ltr'><strong><em>S</em></strong></span> <span class='ocrx_word' id='word_1_177' title='bbox 1152 2685 1200 2727; x_wconf 91' lang='lat' dir='ltr'>E</span> <span class='ocrx_word' id='word_1_178' title='bbox 1208 2685 1257 2727; x_wconf 87' lang='lat' dir='ltr'><em>F</em></span> <span class='ocrx_word' id='word_1_179' title='bbox 1267 2685 1270 2742; x_wconf 80' lang='lat' dir='ltr'>Q</span> <span class='ocrx_word' id='word_1_180' title='bbox 1286 2684 1626 2750; x_wconf 88' lang='lat' dir='ltr'>conplebuntur</span> <span class='ocrx_word' id='word_1_181' title='bbox 1643 2686 1699 2741; x_wconf 89' lang='lat' dir='ltr'>L,</span> <span class='ocrx_word' id='word_1_182' title='bbox 1717 2685 1803 2728; x_wconf 90' lang='grc'>1111-</span> 
     </span>
     <span class='ocr_line' id='line_1_28' title="bbox 118 2716 1798 2803; baseline 0.002 -19"><span class='ocrx_word' id='word_1_183' title='bbox 118 2741 273 2798; x_wconf 87' lang='lat' dir='ltr'>pletur</span> <span class='ocrx_word' id='word_1_184' title='bbox 284 2755 342 2799; x_wconf 78' lang='lat' dir='ltr'>p.</span> <span class='ocrx_word' id='word_1_185' title='bbox 340 2744 384 2785; x_wconf 91' lang='grc'><strong>6</strong></span> <span class='ocrx_word' id='word_1_186' title='bbox 404 2716 614 2785; x_wconf 83' lang='lat' dir='ltr'>CICERO</span> <span class='ocrx_word' id='word_1_187' title='bbox 633 2743 691 2795; x_wconf 64' lang='lat' dir='ltr'>G}</span> <span class='ocrx_word' id='word_1_188' title='bbox 708 2742 820 2786; x_wconf 79' lang='lat' dir='ltr'>SVO</span> <span class='ocrx_word' id='word_1_189' title='bbox 840 2757 920 2786; x_wconf 81' lang='lat' dir='ltr'>om.</span> <span class='ocrx_word' id='word_1_190' title='bbox 933 2744 1009 2801; x_wconf 76' lang='lat' dir='ltr'>EQ!</span> <span class='ocrx_word' id='word_1_191' title='bbox 1006 2749 1050 2793; x_wconf 88' lang='grc'><strong>7</strong></span> <span class='ocrx_word' id='word_1_192' title='bbox 1069 2743 1328 2787; x_wconf 86' lang='lat' dir='ltr'>lentissimo</span> <span class='ocrx_word' id='word_1_193' title='bbox 1343 2745 1419 2801; x_wconf 92' lang='grc' dir='ltr'>Ε</span> <span class='ocrx_word' id='word_1_194' title='bbox 1416 2749 1489 2801; x_wconf 89' lang='lat'>11</span> <span class='ocrx_word' id='word_1_195' title='bbox 1509 2744 1713 2800; x_wconf 90' lang='lat' dir='ltr'>pridriae</span> <span class='ocrx_word' id='word_1_196' title='bbox 1728 2745 1771 2787; x_wconf 90' lang='lat' dir='ltr'><em>L</em></span> <span class='ocrx_word' id='word_1_197' title='bbox 1793 2745 1798 2803; x_wconf 83' lang='lat' dir='ltr'>Q</span> 
     </span>
     <span class='ocr_line' id='line_1_29' title="bbox 119 2774 1801 2861; baseline 0.002 -18"><span class='ocrx_word' id='word_1_198' title='bbox 119 2801 271 2845; x_wconf 87' lang='lat' dir='ltr'>locam</span> <span class='ocrx_word' id='word_1_199' title='bbox 288 2774 475 2844; x_wconf 81' lang='lat' dir='ltr'>oritima</span> <span class='ocrx_word' id='word_1_200' title='bbox 496 2801 545 2857; x_wconf 73' lang='lat' dir='ltr'><em>Q</em></span> <span class='ocrx_word' id='word_1_201' title='bbox 563 2801 667 2845; x_wconf 90' lang='lat' dir='ltr'>loca</span> <span class='ocrx_word' id='word_1_202' title='bbox 682 2779 844 2858; x_wconf 78' lang='lat' dir='ltr'>tepida</span> <span class='ocrx_word' id='word_1_203' title='bbox 862 2804 908 2845; x_wconf 83' lang='lat' dir='ltr'>et</span> <span class='ocrx_word' id='word_1_204' title='bbox 922 2774 1159 2846; x_wconf 87' lang='lat' dir='ltr'>maritima</span> <span class='ocrx_word' id='word_1_205' title='bbox 1176 2803 1241 2845; x_wconf 88' lang='grc' dir='ltr'>Ε·</span> <span class='ocrx_word' id='word_1_206' title='bbox 1238 2803 1252 2860; x_wconf 73' lang='lat' dir='ltr'>3Q</span> <span class='ocrx_word' id='word_1_207' title='bbox 1272 2807 1326 2845; x_wconf 80' lang='lat'>14</span> <span class='ocrx_word' id='word_1_208' title='bbox 1344 2786 1546 2846; x_wconf 78' lang='grc'>8616111118</span> <span class='ocrx_word' id='word_1_209' title='bbox 1568 2803 1609 2847; x_wconf 80' lang='lat' dir='ltr'><strong><em>G</em></strong></span> <span class='ocrx_word' id='word_1_210' title='bbox 1630 2804 1634 2861; x_wconf 83' lang='lat' dir='ltr'>Q</span> <span class='ocrx_word' id='word_1_211' title='bbox 1655 2818 1801 2860; x_wconf 87' lang='lat' dir='ltr'>usque</span> 
     </span>
     <span class='ocr_line' id='line_1_30' title="bbox 121 2859 1801 2933; baseline 0.002 -30"><span class='ocrx_word' id='word_1_212' title='bbox 121 2874 202 2904; x_wconf 84' lang='lat' dir='ltr'>om</span> <span class='ocrx_word' id='word_1_213' title='bbox 222 2861 294 2917; x_wconf 95' lang='lat' dir='ltr'>EQ*</span> <span class='ocrx_word' id='word_1_214' title='bbox 291 2864 364 2918; x_wconf 84' lang='grc'>18</span> <span class='ocrx_word' id='word_1_215' title='bbox 385 2859 585 2903; x_wconf 85' lang='lat' dir='ltr'>cicerula</span> <span class='ocrx_word' id='word_1_216' title='bbox 603 2862 677 2903; x_wconf 95' lang='lat' dir='ltr'>E</span> <span class='ocrx_word' id='word_1_217' title='bbox 698 2867 749 2904; x_wconf 85' lang='lat'>19</span> <span class='ocrx_word' id='word_1_218' title='bbox 769 2861 902 2917; x_wconf 81' lang='lat' dir='ltr'>nigei</span> <span class='ocrx_word' id='word_1_219' title='bbox 918 2862 961 2904; x_wconf 92' lang='lat' dir='ltr'><em>L</em></span> <span class='ocrx_word' id='word_1_220' title='bbox 977 2862 992 2919; x_wconf 84' lang='lat' dir='ltr'>QQ</span> <span class='ocrx_word' id='word_1_221' title='bbox 1009 2867 1064 2904; x_wconf 88' lang='grc'>20</span> <span class='ocrx_word' id='word_1_222' title='bbox 1089 2861 1252 2918; x_wconf 84' lang='lat' dir='ltr'>iugera</span> <span class='ocrx_word' id='word_1_223' title='bbox 1269 2862 1346 2919; x_wconf 90' lang='lat' dir='ltr'>EQ*</span> <span class='ocrx_word' id='word_1_224' title='bbox 1344 2867 1418 2904; x_wconf 88' lang='grc'>22</span> <span class='ocrx_word' id='word_1_225' title='bbox 1442 2862 1583 2933; x_wconf 82' lang='grc' dir='ltr'>ΕΤ-</span> <span class='ocrx_word' id='word_1_226' title='bbox 1595 2862 1801 2906; x_wconf 82' lang='lat' dir='ltr'><strong>LIGAN-</strong></span> 
     </span>
     <span class='ocr_line' id='line_1_31' title="bbox 120 2907 1801 2965; baseline 0.002 -4"><span class='ocrx_word' id='word_1_227' title='bbox 120 2919 213 2962; x_wconf 87' lang='lat' dir='ltr'>DIS</span> <span class='ocrx_word' id='word_1_228' title='bbox 232 2933 313 2963; x_wconf 84' lang='lat' dir='ltr'>om.</span> <span class='ocrx_word' id='word_1_229' title='bbox 325 2920 375 2962; x_wconf 91' lang='lat' dir='ltr'>E</span> <span class='ocrx_word' id='word_1_230' title='bbox 405 2924 459 2962; x_wconf 85' lang='grc'>23</span> <span class='ocrx_word' id='word_1_231' title='bbox 480 2922 525 2962; x_wconf 89' lang='lat' dir='ltr'>et</span> <span class='ocrx_word' id='word_1_232' title='bbox 542 2907 771 2963; x_wconf 81' lang='lat' dir='ltr'>veteranis</span> <span class='ocrx_word' id='word_1_233' title='bbox 790 2919 934 2963; x_wconf 75' lang='lat' dir='ltr'>vineis</span> <span class='ocrx_word' id='word_1_234' title='bbox 948 2920 1249 2964; x_wconf 80' lang='lat' dir='ltr'>restituendis</span> <span class='ocrx_word' id='word_1_235' title='bbox 1265 2905 1395 2965; x_wconf 70' lang='grc' dir='ltr'>(1(ῖᾶιῦ</span> <span class='ocrx_word' id='word_1_236' title='bbox 1409 2935 1430 2964; x_wconf 82' lang='lat' dir='ltr'>c</span> <span class='ocrx_word' id='word_1_237' title='bbox 1453 2922 1525 2964; x_wconf 78' lang='grc'>’25</span> <span class='ocrx_word' id='word_1_238' title='bbox 1540 2922 1743 2965; x_wconf 85' lang='lat' dir='ltr'>octobris</span> <span class='ocrx_word' id='word_1_239' title='bbox 1757 2923 1801 2965; x_wconf 92' lang='lat' dir='ltr'><em>L</em></span> 
     </span>
    </p>
   </div>
  </div>
 </body>
</html>
