2014 3169
158 121 187 171 1
197 120 226 172 3
233 120 264 172 6
858 121 1140 165 PALLADH

159 241 340 294 binthi
387 244 473 295 uel
520 243 733 295 lentisci
779 244 979 296 taleam
1027 262 1148 296 cum
1196 244 1398 312 plantis
1437 244 1526 297 fici
1567 245 1848 324 cacumine

159 335 420 384 ponemus
462 317 692 369 inuerSO.
753 317 964 370 uncinis
1007 317 1176 369 aereis
1209 317 1435 369 tollendi
1469 321 1594 370 sunt
1625 337 1838 372 uermes

164 409 228 442 ex
260 391 377 442 fico.
431 391 522 442 alii
555 409 846 460 amurcam7
879 391 971 442 alii
1002 394 1242 443 ueterem
1267 391 1478 444 urinam
1505 392 1839 462 ablaqueatis

163 464 434 517 radicibus
483 465 725 517 miscent.
803 465 896 517 alii
938 465 1182 517 bitumen
1222 469 1276 517 et
1318 466 1496 517 oleum
1537 471 1629 518 aut
1669 467 1839 519 solam

163 539 364 591 calcem
410 539 594 590 uiuam
641 538 865 591 latebris
913 539 1178 591 uermium
1225 538 1418 591 linunt.
1495 540 1541 592 si
1589 540 1841 594 formicae
1889 561 1909 594 5

162 613 422 664 molestae
471 619 616 681 sunt,
665 614 879 665 rubrica
925 614 1125 682 butyro
1175 616 1228 665 et
1274 614 1391 682 pice
1430 613 1636 682 liquida
1675 615 1842 666 mixta

164 686 305 739 circa
352 690 604 739 truncum
656 687 814 739 debet
861 687 1055 740 induci.
1135 687 1227 738 alii
1284 689 1590 740 coracinum
1642 689 1844 756 piscem

164 764 355 813 contra
409 760 664 814 formicas
719 761 777 812 in
832 762 1022 813 arbore
1080 762 1510 829 suspendendum
1561 781 1675 814 esse
1724 781 1842 815 con-

71 836 144 888 30
163 835 398 886 firmant.
477 836 522 886 si
577 835 784 888 fructus
841 854 965 887 suos
1021 836 1173 887 uelut
1229 853 1392 904 aegra
1443 837 1695 906 proiciat,
1752 837 1844 888 alii

162 909 378 961 rubrica
413 913 506 960 aut
539 928 754 962 amurca
787 909 991 961 insulsa
1021 911 1191 961 mixta
1226 928 1364 977 aqua
1397 911 1644 962 arborem
1668 911 1845 962 linunt
1869 931 1913 962 ιο

163 984 251 1035 1101
301 1001 552 1035 cancrum
599 983 875 1036 fluuialem
925 1002 1044 1036 cum
1101 1001 1250 1035 ramo
1307 988 1460 1035 rutae
1512 985 1846 1052 suspendunt

163 1058 251 1109 uel
301 1057 481 1126 algam
530 1058 791 1110 marinam
840 1058 927 1109 uel
965 1057 1168 1109 fascem
1200 1058 1510 1126 lupinorum
1550 1059 1638 1110 uel
1677 1059 1845 1111 radici

163 1131 469 1184 terebratae
520 1151 745 1184 cuneum
792 1132 969 1201 figunt
1016 1132 1103 1184 uel
1152 1131 1324 1184 securi
1373 1131 1580 1184 arboris
1639 1132 1845 1185 corium

164 1224 322 1274 saepe
363 1205 732 1274 proscindunt.
796 1224 918 1258 cum
953 1205 1085 1258 folia
1117 1206 1411 1274 producere
1444 1205 1712 1274 incipiunt
1742 1207 1848 1275 fici,

163 1284 224 1332 ut
273 1282 506 1331 multum
553 1280 790 1332 fructum
840 1284 892 1332 et
930 1281 1188 1350 pinguem
1227 1279 1427 1347 ferant,
1475 1281 1531 1332 in
1578 1280 1844 1349 principio
1871 1299 1914 1334 15

164 1353 422 1424 germinis
466 1356 743 1406 cacumina
785 1373 995 1406 summa
1036 1354 1335 1407 decutimus
1375 1355 1463 1407 uel
1499 1355 1601 1407 hoc
1632 1358 1845 1407 tantum

74 1430 141 1482 31
166 1447 436 1497 cacumen,
479 1429 619 1496 quod
661 1448 725 1481 ex
765 1429 973 1481 arboris
1016 1429 1302 1480 medietate
1339 1429 1597 1497 procedit.
1661 1430 1707 1481 si
1741 1447 1846 1481 ma-

161 1506 342 1555 turam
382 1503 543 1554 ficum
583 1503 666 1554 uis
709 1504 1002 1555 serotinam
1042 1502 1232 1566 facere,
1272 1503 1593 1571 incipientes
1626 1520 1845 1572 grossos

163 1578 374 1644 decute,
431 1596 551 1629 cum
607 1576 716 1628 illis
768 1577 924 1628 fabae
981 1576 1146 1628 fuerit
1194 1578 1525 1646 magnitudo.
1603 1582 1666 1629 ut
1712 1578 1844 1630 ficus

163 1652 271 1703 cito
312 1655 566 1717 maturet,
607 1669 733 1703 suco
777 1670 935 1719 cepae
972 1651 1235 1720 longioris
1270 1670 1390 1704 cum
1425 1652 1541 1703 oleo
1577 1655 1630 1703 et
1661 1652 1845 1719 pipere
1871 1672 1915 1703 20

164 1725 333 1777 mixto
374 1742 515 1794 unge
556 1743 732 1793 poma,
775 1726 987 1794 quando
1029 1725 1204 1794 grossi
1236 1725 1504 1794 incipiunt
1537 1725 1844 1778 subrubere.

164 1799 321 1868 aprili
370 1817 552 1851 mense
599 1800 762 1852 ficum
809 1799 1064 1852 debemus
1110 1800 1345 1851 inserere
1393 1800 1534 1851 inter
1589 1800 1846 1852 corticem

161 1875 265 1941 uel,
307 1874 352 1926 si
391 1874 639 1926 nouellae
681 1874 900 1926 arbores
936 1878 1077 1937 sunt,
1115 1873 1243 1925 fisso
1277 1874 1443 1943 ligno,
1484 1873 1626 1942 quod
1659 1875 1845 1926 statim

73 1950 144 2002 32
165 1948 513 2016 operiendum
538 1951 620 1999 est
645 1951 698 2000 et
723 1948 1017 2017 ligandum,
1048 1966 1114 1999 ne
1140 1951 1334 1999 uentus
1360 1949 1606 2000 introeat.
1656 1948 1846 2000 melius

165 2022 629 2091 conprehendunt,
678 2023 723 2073 si
773 2023 913 2074 circa
959 2027 1160 2074 terram
1207 2022 1377 2074 recisa
1423 2023 1729 2074 inserantur
1770 2040 1846 2073 ar·
1872 2042 1915 2074 25

164 2098 339 2148 busta.
394 2095 560 2163 aliqui
593 2099 646 2148 et
679 2097 825 2148 iunio
860 2114 1041 2148 mense
1077 2097 1335 2148 inserunt.
1393 2097 1637 2148 surculus
1664 2096 1846 2165 legen-

165 2171 262 2222 dus
305 2174 388 2222 est
427 2169 729 2222 anniculus:
778 2171 986 2222 inutilis
1036 2170 1179 2222 enim
1225 2170 1458 2222 creditur
1499 2169 1718 2222 maioris
1759 2170 1844 2221 uel

163 2244 388 2296 minoris
416 2243 625 2296 aetatis,
666 2244 930 2296 inoculari
956 2245 1088 2297 ficus
1111 2243 1246 2296 locis
1274 2244 1428 2296 siccis
1455 2244 1627 2312 aprili,
1654 2243 1845 2296 melius

285 2396 304 2432 1
342 2389 585 2432 cacumina
619 2390 820 2446 PLQV
862 2392 875 2445 Ιῑ
927 2394 949 2431 2
986 2389 1104 2432 aeris
1138 2391 1180 2433 L
1220 2392 1224 2445 l
1261 2402 1439 2432 uermes
1473 2403 1554 2432 om.
1586 2389 1627 2432 G
1673 2391 1687 2445 Η
1734 2394 1759 2431 3
1794 2401 1849 2432 ex

163 2449 251 2492 ficu
286 2449 376 2493 SE
408 2450 413 2506 Ι
459 2449 737 2504 allaqueatis
775 2449 816 2492 G
863 2452 876 2504 Η
923 2454 950 2490 4
983 2449 1179 2492 uitimen
1213 2449 1464 2504 PLQGT
1503 2449 1508 2505 1
1553 2448 1725 2491 soleem
1757 2448 1807 2491 E
1835 2449 1849 2505 Η

163 2515 187 2552 5
222 2508 395 2551 liniunt
427 2509 621 2566 SEicy,
657 2508 857 2551 allinunt
889 2523 909 2551 s
940 2511 953 2563 ΙΙ
995 2514 1018 2551 6
1054 2511 1161 2550 sunt
1193 2522 1273 2551 om.
1301 2509 1350 2550 E
1376 2510 1380 2563 1
1410 2507 1564 2550 butiro
1597 2507 1633 2551 S
1668 2509 1681 2563 ΙΙ
1724 2512 1746 2550 7
1779 2507 1849 2549 111-

164 2567 289 2611 cludi
322 2569 339 2610 i
382 2570 387 2623 Ι
431 2567 663 2611 coracium
696 2569 745 2610 E
789 2571 802 2623 Η
850 2572 887 2610 9·
908 2567 1105 2623 proiciet
1138 2581 1286 2611 omnes
1311 2573 1494 2623 praeter
1525 2567 1574 2610 E
1617 2569 1631 2623 Η
1680 2571 1732 2609 10
1767 2569 1849 2609 aut

163 2627 351 2670 rubrica,
382 2629 424 2670 L
454 2636 457 2679 ’ς
487 2627 658 2670 liniunt
691 2628 910 2684 SE‘iacy
935 2630 947 2682 i}
975 2632 1026 2668 12
1060 2626 1229 2670 falcem
1262 2627 1310 2669 E
1332 2629 1344 2679 1}
1373 2632 1424 2669 14
1463 2639 1603 2682 sapae
1639 2625 1681 2669 G
1708 2627 1713 2683 Ι
1742 2639 1846 2681 pro-

165 2687 327 2730 cedere
375 2688 442 2740 E,
499 2686 731 2743 incipiunt
776 2686 1029 2742 producere
1078 2701 1174 2743 acy
1227 2688 1240 2742 ΙΙ
1297 2691 1349 2728 15
1398 2686 1601 2728 fructum
1646 2684 1845 2727 multum

168 2747 372 2802 Giacy-s·
397 2748 410 2800 Ιῑ
437 2751 490 2788 16
522 2748 708 2788 tantum
736 2746 823 2788 hoc
848 2746 898 2788 E
924 2749 927 2799 Ι
957 2745 1074 2787 illud
1093 2760 1180 2801 pro
1205 2745 1291 2788 hoc
1318 2759 1443 2801 acy-3
1467 2747 1480 2800 ΙΙ
1507 2749 1560 2788 18
1595 2742 1846 2787 serotinam

164 2819 244 2848 om.
266 2806 315 2848 E
336 2807 350 2860 ΙΙ
378 2810 429 2847 19
464 2805 603 2848 fuerit
629 2806 779 2848 011).Ε
800 2807 814 2861 ΙΙ
840 2809 893 2847 20
920 2818 1058 2860 coepe
1078 2805 1119 2846 V
1139 2808 1152 2859 Η
1179 2809 1230 2846 ‘21
1259 2804 1477 2847 subruere
1495 2805 1544 2847 E
1565 2806 1580 2859 11
1605 2808 1659 2845 23
1685 2802 1845 2846 statim

165 2877 244 2908 om.
267 2879 302 2919 p
335 2867 347 2919 5!
388 2869 442 2906 24
477 2864 777 2920 aperiendum
809 2865 851 2908 L
881 2868 885 2920 Ι
916 2866 961 2906 013
993 2863 1235 2919 ligandum
1267 2877 1347 2906 om,
1369 2878 1404 2919 p
1436 2864 1449 2919 Η
1490 2868 1542 2905 ’27
1578 2865 1734 2905 autem
1758 2876 1846 2918 pro

165 2922 288 2966 0111111
321 2924 370 2966 Ε
396 2926 399 2979 l
431 2923 634 2966 creditur
666 2938 748 2967 om.
775 2924 824 2966 E
845 2926 859 2979 Η
886 2928 938 2966 ’28
972 2922 1175 2965 humidis
1208 2922 1374 2966 melius
1409 2922 1694 2979 V2Fiacys
