2072 3145
732 152 926 197 AGRIC.
952 152 1038 196 XII
1062 157 1235 196 22—23
1717 152 1823 203 255

144 279 355 348 spargis
396 277 572 328 tribus
613 275 821 327 diebus:
864 273 1049 325 deinde
1092 272 1265 325 mittis
1305 274 1363 324 in
1401 273 1574 324 muria
1615 276 1668 324 eb
1698 277 1824 341 post

145 356 353 421 septem
406 351 517 402 dies
570 352 844 417 exemptas
892 348 950 399 in
999 366 1127 399 uase
1181 346 1346 400 adicis
1396 366 1516 400 cum
1564 348 1730 398 musti
1771 350 1824 398 eb

145 425 282 479 aceti
323 425 507 493 aequis
547 423 896 492 ponderibus:
945 425 998 473 et
1037 422 1302 490 inpletum
1341 440 1436 474 uas
1484 421 1561 473 ita
1602 420 1822 489 operieS,

141 504 206 552 ut
248 500 430 567 aliqua
471 497 802 566 spiramenta
843 496 1100 548 dimittas

799 688 897 741 DE
939 687 1173 741 HORIS.

96 735 116 768 5

259 793 628 847 Nouembrem
661 796 714 845 eb
747 792 1080 844 februarium
1119 791 1257 844 ratio
1292 792 1553 860 temporis
1586 810 1681 860 per
1727 789 1913 843 XXIII

145 869 308 922 horas
350 868 554 920 dierum
595 867 725 919 fecit
766 867 1031 935 aequales,

498 999 649 1052 Hora,
870 999 896 1050 I
985 1000 1144 1067 pedes
1237 997 1450 1050 XXVII
1458 1041 1471 1067 ,

498 1075 633 1126 hora
839 1073 893 1125 II
982 1073 1144 1141 pedes
1291 1071 1471 1140 XVII,

76 1183 117 1212 10
498 1149 634 1200 hora
813 1147 892 1198 III
982 1147 1141 1216 pedes
1315 1146 1470 1215 XIII,

499 1223 634 1275 hora
781 1220 891 1272 IIII
981 1222 1143 1290 pedes
1400 1220 1449 1272 X
1459 1263 1472 1289 ,

499 1297 635 1349 hora
840 1294 890 1346 V
981 1296 1142 1363 pedes
1313 1294 1472 1361 VIII,

500 1370 635 1423 hora
811 1368 892 1421 VI
980 1369 1142 1438 pedes
1345 1368 1472 1436 VII,

500 1445 636 1497 hora
784 1443 892 1495 VII
981 1443 1143 1511 pedes
1313 1441 1472 1509 VIII,

501 1519 635 1570 hora
755 1517 892 1569 VIII
983 1517 1143 1585 pedes
1400 1516 1472 1585 X,

501 1593 636 1645 hora
728 1590 893 1643 VIIII
983 1591 1143 1659 pedes
1315 1589 1471 1658 XIII,

502 1667 638 1719 hora
844 1665 894 1717 X
984 1665 1144 1733 pedes
1290 1663 1446 1716 XVII
1458 1707 1471 1732 ,

502 1741 639 1793 hora
818 1739 896 1791 IX
985 1739 1145 1808 pedes
1245 1738 1473 1791 XXVII.

268 1905 290 1944 1
325 1899 375 1943 in
407 1914 488 1944 om.
522 1901 573 1943 E
627 1901 632 1957 Ι
694 1899 900 1942 mururia
937 1899 985 1956 Q,
1019 1898 1216 1942 muriam
1253 1901 1294 1943 T
1301 1899 1343 1944 G-
1389 1902 1403 1956 ΙΙ
1458 1904 1483 1942 2
1517 1901 1694 1956 septem
1723 1901 1830 1955 post

150 1959 249 2004 dies
290 1959 333 2003 V
359 1962 374 2016 11
400 1963 423 2002 7
459 1959 639 2003 dierum
671 1973 751 2004 om.
779 1959 828 2002 E
839 1959 880 2002 G-
909 1960 913 2016 Ι
944 1958 1075 2001 duxit
1107 1959 1156 2001 E
1167 1959 1208 2003 G
1232 1961 1246 2015 Η
1271 1964 1296 2002 8
1328 1959 1474 2002 habet
1503 1959 1663 2003 inserit
1694 1959 1744 2002 E
