2014 3169
191 164 299 216 214
879 162 1166 206 PALLADH
1384 182 1404 207 ο

187 290 327 353 sunt,
359 286 561 338 rectius
594 285 746 351 fiunt,
777 287 838 336 ut
871 287 1060 337 contra
1089 283 1390 336 exilitatem
1416 283 1602 353 glebae
1626 281 1869 335 hibernis

185 360 449 412 imbribus
492 359 829 411 adiuuentur.
901 359 978 411 sic
1019 362 1072 410 et
1111 376 1357 410 umorem
1397 357 1708 409 sitientibus
1750 374 1870 409 con-

186 435 365 486 ferunt
414 437 467 485 et
515 433 686 486 recisa
732 433 820 485 uel
861 450 1038 484 mersa
1077 432 1250 501 glacie
1291 450 1402 483 non
1441 431 1695 498 adurunt,
1745 429 1872 499 quia

185 509 386 560 talibus
427 507 561 559 locis
602 508 919 576 pruinarum
951 506 1034 559 uis
1077 511 1130 558 et
1169 510 1366 558 natura
1405 506 1654 557 nescitur.

474 701 571 753 DE
613 698 1177 761 ABLAQVEANDA
1217 696 1585 751 NOVELLA.
1922 718 1942 750 5

97 806 149 859 V
296 805 430 859 Post
469 806 589 857 idus
631 804 881 857 octobres
924 803 1295 871 ablaqueanda
1327 805 1410 854 est
1445 801 1619 854 omnis
1651 799 1867 853 nouella

188 899 280 933 seu
319 880 375 932 in
413 880 629 948 pastino
671 897 765 931 seu
803 878 861 930 in
899 878 1181 930 scrobibus
1224 879 1316 928 aut
1357 876 1544 943 sulciS,
1583 878 1646 926 ut
1687 893 1869 943 ampu-

190 959 370 1007 tentur
425 954 631 1006 radices
688 969 1076 1021 superuacuae,
1133 969 1266 1019 quas
1323 949 1579 1018 produxit
1636 951 1868 1001 aestate:

191 1048 325 1098 quae
382 1029 427 1081 si
483 1027 884 1094 conualuerint‚
938 1025 1221 1078 inferiores
1276 1025 1481 1076 radices
1537 1023 1746 1075 faciunt
1795 1022 1873 1074 in-

189 1104 352 1155 terire
401 1106 454 1155 et
501 1102 579 1154 ita
627 1100 928 1154 remanebit
967 1100 1097 1152 uitis
1139 1100 1195 1150 in
1235 1099 1548 1151 summitate
1590 1115 1876 1166 suspensa:
1904 1119 1947 1149 10

192 1197 326 1246 quae
375 1196 458 1229 res
501 1195 618 1229 eam
659 1175 853 1245 frigori
895 1174 1185 1227 obnoxiam
1225 1173 1390 1226 faciet
1431 1176 1485 1224 et
1527 1172 1708 1224 calori.
1786 1170 1879 1222 sed

189 1253 290 1304 hae
339 1251 608 1304 radiculae
656 1268 766 1302 non
816 1249 880 1301 ad
931 1248 1133 1301 siccum
1183 1248 1380 1300 debent
1425 1247 1614 1315 recidi,
1667 1264 1733 1298 ne
1787 1248 1880 1297 aut

190 1327 370 1394 plures
425 1323 548 1377 inde
603 1327 898 1377 nascantur
949 1326 1041 1375 aut
1088 1341 1231 1375 noua
1279 1322 1443 1391 plaga
1492 1320 1704 1388 corpori
1751 1318 1880 1371 uitis

124 1401 159 1454 2
199 1402 443 1469 inpressa
491 1400 547 1452 ui
595 1398 766 1452 secuti
814 1398 1016 1467 algoris
1064 1400 1268 1448 uratur.
1354 1395 1650 1448 recidemus
1703 1397 1882 1445 autem

190 1475 379 1527 relicto
421 1474 580 1543 digiti
622 1472 799 1541 spatio
842 1476 911 1540 et,
953 1472 998 1523 si
1034 1470 1245 1539 placida
1276 1470 1353 1523 ibi
1386 1469 1560 1521 hiems
1594 1471 1690 1535 est,
1731 1485 1879 1536 aper·
1904 1488 1946 1520 15

190 1553 274 1601 tas
330 1548 692 1616 relinquemus
748 1547 912 1614 uiteS‚
968 1546 1014 1597 si
1067 1545 1329 1612 uiolenta,
1387 1547 1511 1595 ante
1569 1541 1877 1596 decembres

191 1624 310 1675 idus
352 1622 677 1692 operiemus,
718 1621 763 1672 si
802 1619 1155 1689 praefrigida,
1205 1618 1545 1687 aliquantum
1586 1616 1881 1669 columbini

195 1697 448 1750 stercoris
499 1696 597 1749 sub
645 1696 766 1764 ipsa
815 1695 992 1746 hieme
1045 1694 1186 1746 circa
1239 1692 1592 1744 uiticularum
1642 1690 1881 1759 uestigia

191 1773 502 1842 largiemur,
545 1771 686 1839 quod
727 1773 915 1822 contra
946 1768 1120 1837 frigus
1153 1767 1381 1818 nimium
1416 1764 1718 1819 Columella
1750 1763 1881 1816 dicit

191 1850 309 1899 toto
349 1846 654 1898 faciendum
695 1862 809 1896 esse
852 1843 1232 1911 quinquennio.
1905 1859 1949 1889 20

313 1998 334 2034 1
369 1991 543 2034 fuerint
570 2006 604 2046 p
633 1992 637 2046 Ι
667 1989 835 2033 exilem
868 1989 1055 2046 glebam
1081 1989 1130 2031 E
1153 1991 1166 2042 ΙΙ
1192 1992 1215 2029 2
1249 1985 1491 2042 hymbrius
1516 1985 1559 2027 L
1588 1986 1593 2041 Ι
1623 1983 1881 2027 sic—adu-

198 2054 307 2094 runt
338 2066 420 2094 om.
447 2052 496 2093 E
517 2053 530 2106 ΙΙ
557 2058 581 2092 3
615 2049 740 2093 recia
773 2050 822 2092 F
843 2052 855 2105 ΙΙ
880 2055 907 2091 4
938 2047 1133 2104 pruinae
1167 2048 1216 2090 E
1238 2049 1251 2102 ΙΙ
1288 2051 1311 2089 5
1345 2043 1799 2096 ABLAQUEENDA
1831 2043 1882 2098 V,

198 2108 666 2161 ABLAQUEANDIS
705 2109 745 2153 G
785 2110 789 2165 Ι
832 2108 972 2150 V1TE
1008 2108 1138 2151 addit
1171 2107 1220 2150 E
1256 2108 1270 2162 ΙΙ
1310 2110 1334 2148 6
1369 2103 1584 2148 Octobris
1617 2102 1885 2146 VTFEz‘a

206 2185 312 2227 cys,
359 2168 639 2212 Nouembris
688 2171 734 2211 et
773 2183 807 2223 2)
858 2171 861 2221 Ι
915 2170 961 2211 et
1001 2166 1091 2209 abl.
1132 2168 1173 2210 L
1225 2167 1229 2222 Ι
1279 2163 1469 2208 nouella
1507 2162 1646 2205 uinea
1685 2162 1839 2218 iacys
1870 2162 1884 2217 ΙΙ

202 2235 227 2273 8
263 2231 418 2272 aetate
456 2229 496 2272 G
535 2231 549 2285 ΙΙ
589 2234 613 2271 9
649 2227 686 2270 si
719 2242 800 2271 om.
828 2227 878 2270 E
904 2230 908 2282 Ι
939 2225 1229 2270 conualerint
1262 2225 1306 2267 P
1337 2226 1351 2280 ΙΙ
1385 2229 1436 2265 11
1472 2221 1613 2266 faciet
1646 2223 1692 2264 et
1723 2219 1886 2277 frigori

201 2287 450 2332 obnoxiam
483 2291 529 2331 et
560 2288 610 2330 E
647 2290 659 2343 ΙΙ
701 2292 754 2329 12
788 2287 932 2329 haeae
966 2286 1016 2339 V,
1050 2286 1166 2328 haec
1202 2285 1243 2328 G
1282 2286 1295 2339 ΙΙ
1337 2288 1391 2326 14
1422 2280 1650 2337 inpraessi
1683 2280 1749 2323 V1
1789 2283 1793 2336 Ι
1836 2278 1886 2323 in

193 2362 280 2404 pro
305 2347 353 2390 ui
379 2348 427 2390 F
452 2350 455 2403 Ι
486 2345 689 2390 secuturi
715 2347 763 2389 E
772 2361 830 2389 (cc
839 2361 866 2403 9
895 2347 898 2401 Ι
929 2348 1091 2388 uratur
1116 2359 1196 2388 om.
1224 2345 1267 2387 L
1295 2345 1300 2394 Ι
1329 2341 1596 2385 Recidimus
1626 2341 1667 2384 G
1690 2342 1704 2394 ΙΙ
1730 2344 1784 2382 16
1817 2352 1886 2382 re-

202 2407 454 2462 linquimus
489 2408 582 2450 PL
600 2406 830 2460 VGSEi⁷
863 2404 1135 2459 reliquimus
1175 2404 1243 2459 ΤΙ
1273 2400 1529 2444 decembris
1560 2401 1604 2442 P
1615 2400 1656 2444 G
1671 2401 1710 2443 T
1715 2399 1764 2442 E
1779 2398 1884 2453 VF,

202 2467 471 2509 decembras
496 2468 538 2510 L
563 2469 576 2522 ΙΙ
604 2470 656 2508 17
683 2464 915 2521 operimus
943 2465 1036 2507 PL
1051 2463 1194 2508 GSE
1209 2461 1356 2506 VTF
1376 2463 1389 2516 ΙΙ
1416 2465 1469 2503 18
1496 2460 1580 2502 sub
1607 2459 1710 2515 ipsa
1733 2457 1885 2501 hieme

200 2540 279 2569 om.
302 2541 336 2582 2)
364 2529 368 2583 Ι
398 2525 689 2569 uinculorum
721 2525 771 2567 Ε
792 2527 805 2580 ΙΙ
833 2528 885 2566 19
919 2522 1171 2578 largiemus
1206 2522 1255 2565 E
1281 2522 1286 2579 Ι
1314 2519 1510 2563 nimium
1544 2533 1626 2563 om.
1648 2533 1683 2574 2)
