2014 3169
246 1280 303 1332 II

216 1355 301 1407 III

195 1502 308 1555 IIII

252 1577 303 1629 V

224 1651 302 1704 VI

191 1799 300 1852 VII

164 1947 304 2000 VIII

144 2020 304 2075 VIIII

249 2095 300 2148 X

226 2171 303 2223 XI

195 2244 300 2297 XII

169 2318 307 2371 XIII

636 703 877 761 LIBER
926 700 1334 760 SECVNDVS

919 815 1050 859 SIVE

507 906 856 961 MENSIS
911 905 1455 961 IANVARIVS.

835 1112 1127 1156 TITVLI.

357 1206 437 1258 De
479 1205 863 1274 ablaqueandis
903 1205 1125 1257 ustibus,
1871 1225 1891 1258 5

357 1280 438 1334 De
478 1280 650 1349 pratis
692 1279 1026 1332 abstinendis
1068 1279 1125 1330 in
1163 1278 1297 1332 locis
1339 1278 1550 1331 macris,

356 1355 435 1407 De
474 1354 879 1423 proscindendis
923 1353 1068 1422 agris
1110 1357 1163 1404 e'c
1202 1353 1486 1423 iungendis
1525 1352 1704 1405 bubus
1735 1353 1824 1405 uel

358 1429 543 1481 arandi
586 1428 882 1496 disciplina.

363 1503 444 1555 De
484 1503 685 1555 hordeo
728 1501 962 1571 galatico
1006 1500 1245 1553 serendo,

359 1577 438 1629 De
479 1576 739 1630 cicercula
781 1576 1002 1628 serenda
1043 1593 1164 1627 cum
1205 1575 1491 1643 disciplina
1530 1593 1638 1627 sua.
1850 1597 1892 1627 10

355 1650 436 1703 De
470 1651 612 1704 uicia
645 1651 867 1702 serenda
897 1668 1006 1701 non
1040 1650 1105 1701 ad
1133 1649 1391 1717 pabulum
1417 1649 1706 1701 secandum
1733 1649 1821 1700 sed

361 1726 426 1777 ad
467 1726 672 1777 semina
710 1723 1001 1794 redigenda
1042 1741 1161 1775 cum
1203 1723 1490 1791 disciplina
1530 1740 1639 1774 sua.

355 1799 435 1851 De
474 1799 598 1851 feno
641 1817 833 1868 graeco
876 1798 1099 1850 serendo
1139 1798 1353 1867 legendi
1394 1796 1614 1849 seminis
1662 1814 1825 1849 causa

360 1892 481 1926 cum
522 1872 806 1941 disciplina
846 1891 954 1924 sua.

359 1947 445 2000 De'
481 1966 608 1999 eruo
653 1947 890 1999 serendo,
1850 1966 1892 1998 15

357 2021 437 2073 De
479 2022 738 2073 sariendis
779 2020 1064 2072 frumentis
1106 2023 1159 2072 eb
1197 2019 1577 2088 leguminibus.

354 2095 435 2147 De
474 2096 781 2164 pastinandi
825 2093 1110 2164 generibus
1153 2098 1206 2145 eh
1247 2093 1528 2145 scrobibus
1568 2091 1776 2144 uitium.

358 2169 438 2222 De
479 2170 680 2221 tabulis
720 2169 1014 2220 uinearum.

356 2244 437 2296 De
479 2262 729 2296 mensura
767 2243 969 2311 pastini
1010 2242 1206 2294 italica.

361 2318 441 2371 De
483 2319 598 2370 solo
640 2321 694 2369 et
735 2317 881 2369 caelo
921 2321 974 2368 et
1006 2317 1125 2369 loco
1158 2315 1455 2385 pangendis
1489 2313 1661 2366 uineis
1696 2331 1821 2366 con·
1847 2335 1896 2367 20

362 2393 576 2462 gruenbi
619 2395 673 2444 eb
713 2410 795 2457 ea,
837 2409 971 2459 quae
1010 2391 1140 2442 illuc
1180 2389 1435 2459 pertineb,
1475 2388 1772 2457 disciplina.

265 2573 286 2611 1
320 2565 908 2610 LIBER—IANVARIVS
949 2580 1030 2609 om.
1065 2567 1189 2609 codd.
1237 2568 1251 2622 Η
1296 2571 1323 2607 4
1363 2563 1564 2607 TITVLI
1603 2561 1821 2606 MENSIS

144 2627 419 2671 IANVARH
459 2642 607 2671 omnes
648 2628 740 2680 fere
779 2627 948 2669 codices
987 2631 1026 2669 et
1065 2627 1300 2678 editiones,
1340 2623 1575 2680 Incipiunt
1615 2621 1824 2679 capitula

145 2687 254 2731 libri
303 2686 492 2730 secundi
541 2687 606 2740 E,
657 2684 1056 2728 TITVLI—horis
1105 2699 1186 2728 om.
1221 2699 1243 2728 c
1281 2686 1294 2739 ΙΙ
1336 2688 1360 2725 5
1399 2681 1677 2738 laqueandis
1724 2681 1775 2724 E
1807 2680 1822 2738 ΙΙ

146 2752 169 2789 7
204 2745 464 2803 unguendis
497 2746 539 2788 L
568 2748 573 2803 Ι
601 2745 750 2788 bobus
778 2745 888 2787 Eia
912 2747 926 2800 Η
952 2749 975 2786 9
1009 2744 1119 2787 ordo
1154 2744 1203 2787 E
1222 2745 1236 2799 ΙΙ
1264 2748 1316 2786 10
1350 2756 1434 2785 sua
1466 2740 1714 2797 disciplina
1739 2739 1790 2783 E
1810 2742 1824 2796 l!

147 2812 198 2850 11
235 2806 434 2849 secanda
475 2821 503 2848 α
542 2808 555 2861 ΙΙ
597 2811 648 2847 12
691 2818 773 2847 sua
813 2802 1062 2859 disciplina
1101 2804 1150 2846 E
1185 2805 1198 2858 ΙΙ
1240 2807 1292 2844 13
1334 2802 1576 2844 VII—sua
1617 2814 1698 2844 om.
1735 2799 1777 2842 G

147 2871 201 2909 14
235 2880 318 2908 sua
351 2864 599 2920 disciplina
633 2865 681 2907 E
701 2866 714 2919 ΙΙ
742 2868 793 2906 15
826 2863 989 2917 herbo,
1023 2863 1187 2917 hemo,
1221 2875 1328 2905 eruo
1361 2862 1542 2914 codices,
1574 2858 1728 2903 Herbo
1760 2859 1778 2901 i

148 2930 201 2968 16
236 2939 340 2968 cum
372 2923 630 2980 disciplinis
665 2923 757 2966 suis
790 2924 968 2966 addunt
1000 2923 1054 2965 ia
1078 2924 1091 2977 Η
1118 2927 1170 2964 ‘21
1207 2923 1253 2964 eb
1285 2934 1340 2964 ea
1371 2935 1452 2965 om.
1483 2920 1524 2964 G
