2014 3169
88 688 108 719 5

70 1086 111 1117 10

68 1971 111 2002 20

751 130 944 175 AGRIC.
969 130 991 173 I
1015 135 1187 174 37—39
1737 131 1809 182 45

134 271 248 305 esse
289 252 559 305 debebunt
599 271 661 304 ea
696 251 1081 321 magnitudine,
1121 270 1255 319 quae
1290 251 1404 320 apis
1436 251 1667 304 formam
1699 270 1808 304 non

134 326 307 395 possit
347 327 611 379 excedere.
685 326 760 378 sic
801 325 944 377 enim
981 326 1157 377 noxiis
1199 324 1519 377 animalibus
1560 326 1810 394 ingressu

134 401 416 452 resistetur
457 403 713 469 angusto:
750 399 838 451 uel
879 398 924 450 si
962 417 1086 466 apes
1122 400 1364 451 obsidere
1397 398 1683 468 noluerint,
1724 418 1803 452 ex·-

134 477 321 526 euntes
362 473 492 540 alio,
534 493 653 526 cum
691 491 800 526 non
840 472 1091 541 defuerit,
1129 476 1351 524 utentur
1391 490 1625 543 egressu,

574 665 672 717 DE
714 663 979 717 APIBVS
1019 663 1229 716 EMEN
1236 662 1368 716 DIS.

157 806 161 812 -
241 768 387 837 Apes
437 769 483 821 si
530 768 781 820 emendae
831 772 979 836 sunt,
1028 768 1428 836 prouideamus‚
1479 771 1541 819 ut
1605 737 1900 826 XXXVIJI

129 843 290 912 plena
322 843 556 894 aluearia
590 845 966 910 conparentur:
1009 860 1167 909 quam
1201 859 1314 892 rem
1346 842 1433 892 uel
1465 841 1540 892 in—
1602 810 1883 882 (XXXIX)

135 917 340 985 spectio
381 917 468 968 uel
508 916 797 968 murmuris
838 915 1155 985 magnitudo
1197 915 1281 966 uel
1319 914 1622 983 frequentia
1657 932 1805 967 mon-

137 993 276 1042 strat
332 990 682 1042 commeantis
740 1007 799 1041 ac
844 990 1131 1041 remeantis
1184 989 1464 1041 examinis:
1521 1007 1585 1041 ex
1631 988 1810 1041 uicina

135 1064 316 1132 potius
374 1082 534 1132 quam
589 1064 887 1133 longinqua
941 1063 1181 1132 regione,
1242 1081 1307 1114 ne
1373 1063 1511 1116 aeris
1564 1063 1809 1115 nouitate

134 1142 482 1206 temptentur.
562 1138 607 1189 si
653 1155 781 1189 uero
828 1137 1043 1206 longius
1092 1137 1432 1188 aduehendae
1475 1140 1622 1201 sunt,
1671 1136 1809 1189 collo

133 1216 292 1264 nocte
339 1215 644 1280 portentur:
698 1229 795 1263 nec
844 1212 1120 1262 conlocare
1176 1229 1273 1263 nec
1319 1211 1524 1278 aperire
1574 1211 1810 1263 aluearia

134 1285 239 1337 nisi
270 1304 492 1353 uespere
525 1285 764 1336 instante
798 1284 1065 1336 debemus
1128 1285 1462 1352 speculemur
1496 1285 1681 1336 deinde
1714 1304 1810 1353 per
1851 1285 1882 1335 2

135 1359 388 1427 triduum,
420 1377 486 1411 ne
521 1377 675 1411 omne
708 1357 896 1410 ianuas
931 1376 1053 1410 suas
1088 1358 1395 1427 egrediatur
1420 1377 1654 1410 examen.
1708 1358 1811 1411 hoc

91 1454 109 1486 5
135 1432 277 1485 enim
317 1434 471 1502 signo
513 1433 699 1502 fugam
739 1431 1070 1483 meditantur
1103 1433 1396 1484 adsumere.
1460 1436 1649 1484 contra
1679 1432 1811 1484 haec

133 1506 220 1558 uel
268 1511 445 1559 cetera
494 1525 589 1558 suo
637 1523 986 1574 unaquaeque
1034 1524 1213 1557 mense
1264 1506 1559 1558 reddemus,
1630 1510 1813 1558 tamen

134 1581 423 1633 creduntur
477 1599 588 1632 non
640 1580 848 1649 fugere,
905 1581 949 1631 si
1000 1584 1202 1632 stercus
1250 1580 1601 1649 primogeniti
1649 1581 1811 1632 uituli

135 1655 434 1707 adlinamus
477 1655 660 1706 oribus
700 1654 1058 1706 uasculorum.

739 1845 836 1898 DE
878 1843 1212 1898 BALNEIS.

245 1947 371 2000 Non
404 1948 638 2000 alienum
670 1952 767 2016 est,
800 1949 845 2000 si
875 1967 1043 2016 aquae
1071 1948 1222 2017 copia
1245 1949 1502 2017 patiatur,
1579 1918 1901 1971 XXXVIIII

135 2022 582 2090 patremfamilias
625 2023 687 2074 de
721 2026 995 2074 structura
1025 2023 1206 2074 balnei
1240 2021 1498 2092 cogitare:
1654 1990 1797 2064 (XL)

138 2114 271 2164 quae
326 2114 410 2148 res
467 2099 521 2147 et
574 2096 846 2163 uoluptati
901 2095 1193 2164 plurimum
1245 2096 1487 2149 conferat
1535 2100 1588 2148 et
1636 2097 1813 2148 saluti.

136 2170 317 2239 itaque
365 2170 618 2221 balneum
665 2171 1054 2222 constituemus
1104 2172 1159 2221 in
1201 2189 1262 2222 ea
1300 2174 1476 2239 parte⁷
1524 2188 1629 2238 qua
1670 2171 1815 2222 calor

259 2334 281 2371 1
314 2328 685 2385 magnitudinem
711 2344 746 2384 p
785 2332 798 2385 ΙΙ
839 2335 862 2371 2
902 2329 1081 2386 possint
1112 2331 1154 2372 L
1195 2333 1208 2386 ΙΙ
1247 2336 1271 2372 3
1307 2344 1453 2386 angus
1435 2332 1506 2373 sta
1547 2329 1590 2373 G
1627 2332 1641 2386 ΙΙ
1679 2335 1707 2372 4
1740 2330 1814 2372 cui

141 2387 373 2430 defuerint
406 2389 473 2442 E
513 2387 596 2430 ubi
633 2402 726 2430 non
765 2388 938 2432 fuerint
977 2403 1122 2446 αοιᾳης
1164 2403 1244 2433 om.
1274 2404 1309 2444 p
1352 2390 1356 2446 Ι
1400 2389 1608 2432 uitentur
1646 2389 1749 2431 LI
1758 2389 1812 2443 G,

140 2446 292 2489 nitent
323 2447 373 2489 F
406 2450 420 2502 ΙΙ
461 2452 482 2489 7
519 2446 726 2489 albearia
762 2448 842 2504 QS
882 2450 886 2504 Ι
929 2448 1006 2490 uel
1042 2462 1123 2492 om.
1155 2449 1196 2492 G
1234 2451 1247 2504 ΙΙ
1287 2453 1311 2490 8
1354 2450 1582 2491 monstrat
1624 2461 1705 2491 om.
1735 2463 1770 2503 p
1801 2448 1816 2506 ΙΙ

140 2511 164 2549 9
199 2504 422 2548 examinis
454 2506 656 2562 probant
681 2522 716 2561 p
744 2510 748 2561 Ι
778 2509 824 2549 et
856 2520 910 2549 ex
947 2508 1040 2563 Ta,
1075 2508 1160 2565 [et]
1195 2521 1249 2549 ex
1282 2521 1370 2564 c9s
1398 2509 1402 2563 Ι
1433 2511 1486 2549 10
1520 2521 1659 2561 quam
1692 2520 1747 2549 ex
1771 2522 1814 2560 α,

140 2579 281 2620 quam
313 2565 408 2623 [ex]
441 2579 528 2621 098
552 2567 565 2620 ΙΙ
591 2570 642 2607 11
677 2568 915 2608 teieantui
940 2581 988 2621 p,
1022 2568 1260 2609 tententur
1293 2580 1417 2622 ac98
1446 2584 1450 2622 Ι
1478 2566 1692 2609 uehenda
1724 2566 1774 2608 E

143 2628 195 2666 12
227 2626 361 2666 nocte
389 2623 506 2666 collo
532 2624 638 2667 Ε
589 2638 610 2667 c
619 2638 676 2680 js
699 2627 713 2680 ΙΙ
740 2630 792 2667 13
818 2627 924 2680 post
947 2624 1154 2668 triduum
1179 2625 1267 2668 LS
1280 2626 1384 2679 ΤΕ
1416 2624 1710 2680 postriduum
1737 2624 1779 2668 G

143 2687 196 2725 16
230 2686 277 2725 et
309 2685 463 2725 cetera
496 2683 704 2739 Eiacys
747 2690 751 2737 Ι
794 2685 1154 2740 unumquodque
1187 2698 1313 2740 (0093
1349 2686 1353 2742 Ι
1396 2683 1709 2726 reuidebimus
1743 2698 1771 2726 a
1802 2683 1816 2741 ΙΙ

143 2746 195 2784 17
230 2742 479 2784 creduntur
511 2741 757 2798 confugere
790 2743 881 2786 SE
928 2746 933 2799 Ι
976 2743 1264 2800 piimigeniti
1296 2743 1441 2786 LSF
1475 2745 1488 2798 ΙΙ
1531 2747 1582 2785 18
1618 2741 1816 2784 adlinia-

140 2815 241 2842 mus
276 2801 317 2844 G
356 2803 369 2856 ΙΙ
410 2805 464 2842 20
499 2799 680 2855 copiam
716 2802 752 2858 Q
792 2805 796 2857 Ι
831 2791 1039 2869 potiatur
1070 2803 1119 2845 Ε
1155 2805 1168 2858 ΙΙ
1204 2807 1257 2844 21
1294 2802 1529 2844 destmcta
1561 2802 1640 2857 L1
1672 2816 1719 2843 m
1751 2801 1817 2843 Ι]

140 2873 282 2914 supra
321 2862 334 2915 ΙΙ
375 2864 428 2902 22
471 2859 648 2903 confert
684 2860 996 2918 QSTFz'ays
1034 2864 1047 2917 ΙΙ
1089 2867 1143 2904 23
1185 2860 1518 2904 constituamus
1553 2861 1642 2916 El,
1685 2874 1707 2904 e
1741 2860 1817 2904 Ε2

140 2931 281 2973 supra
