2014 3169
196 173 229 222 2
236 171 265 222 S
902 166 1184 209 PALLADE

206 292 332 358 sale,
367 291 452 343 cui
485 289 591 342 mel
626 291 678 341 et
713 288 986 357 cyminum
1019 287 1238 355 aequale
1269 287 1578 339 miscentur.
1630 287 1886 356 peduclos

206 383 391 417 earum
438 363 659 432 perimit
708 363 858 414 stafis
909 362 1059 431 agria
1105 365 1158 413 et
1205 361 1557 413 torrefactum
1598 361 1887 430 cyminum,

200 438 354 508 paria
395 442 448 489 et
487 437 690 505 pariter
731 441 894 488 tunsa
927 454 1048 488 cum
1080 436 1207 488 uino
1242 438 1295 487 et
1330 435 1498 486 amari
1528 435 1700 503 lupini
1734 453 1888 504 aqua,

200 514 246 565 si
285 515 533 581 penetret
575 514 778 563 secreta
817 528 1131 579 pennarum.

752 702 851 755 DE
894 699 1336 754 PAVONIBVS.
1935 721 1957 754 5

113 808 361 862 XXVIII
474 807 720 859 Pauones
761 807 969 858 nutrire
1011 805 1330 858 facillimum
1364 807 1460 872 est,
1498 804 1604 856 nisi
1635 804 1711 856 eis
1743 804 1888 856 fures

138 1924 170 1976 CO

208 887 303 935 aut
360 881 616 934 animalia
670 881 889 933 inimica
942 880 1222 932 formides:
1279 879 1370 947 qui
1424 878 1740 947 plerumque
1794 897 1891 946 per

209 975 370 1027 agros
425 956 614 1026 uagati
670 958 861 1024 sponte
919 972 973 1006 se
1028 956 1259 1022 pascunt
1309 953 1595 1021 pullosque
1644 953 1890 1006 educunt.

206 1031 500 1084 altissimas
548 1048 772 1097 uespere
822 1028 1042 1080 arbores
1091 1030 1298 1095 petunt.
1366 1046 1474 1078 una
1515 1025 1601 1079 his
1643 1044 1770 1079 cura
1808 1027 1890 1078 de-

203 1106 387 1175 betur,
441 1108 503 1156 ut
550 1103 870 1156 incubantes
918 1121 1015 1171 per
1063 1119 1254 1171 agrum
1301 1100 1552 1167 feminaS,
1608 1119 1742 1169 quae
1788 1100 1962 1153 hoc1o

206 1178 412 1248 passim
467 1178 697 1246 faciunt,
754 1197 784 1229 a
839 1177 1000 1245 uulpe
1058 1175 1345 1228 custodias,
1422 1175 1541 1226 ideo
1590 1175 1644 1226 in
1699 1174 1890 1226 insulis

207 1254 465 1306 breuibus
507 1252 720 1304 meliori
762 1254 906 1304 sorte
947 1249 1274 1303 nutriuntur.
1337 1248 1431 1300 uni
1471 1248 1710 1301 masculo
1743 1247 1894 1300 femi-

206 1347 306 1381 nae
365 1327 599 1396 quinque
650 1326 941 1378 sufficiunt.
1019 1323 1244 1376 masculi
1293 1341 1395 1375 oua
1442 1327 1496 1375 et
1540 1323 1719 1391 pullos
1767 1338 1892 1375 suos

208 1405 606 1472 persequuntur
661 1401 814 1452 uelut
867 1399 1219 1468 alienigenaS,
1274 1397 1588 1466 priusquam
1639 1397 1748 1448 illis
1798 1397 1892 1449 cri-

210 1481 418 1529 starum
465 1479 722 1527 nascatur
769 1474 994 1543 insigne.
1069 1473 1134 1524 ab
1177 1472 1354 1523 idibus
1394 1470 1680 1523 februariis
1723 1471 1891 1523 calere
1921 1493 1963 1525 15

209 1551 494 1619 incipiunt.
557 1548 684 1601 faba
722 1548 918 1600 leuiter
959 1545 1251 1598 torrefacta
1287 1545 1344 1597 in
1384 1544 1664 1597 libidinem
1702 1563 1894 1613 prouo-

209 1629 421 1692 cantur,
475 1624 521 1676 si
571 1624 646 1675 eis
698 1623 887 1690 quinto
938 1639 1149 1689 quoque
1197 1620 1280 1672 die
1329 1620 1510 1688 tepida
1556 1619 1894 1687 praebeatur.

211 1718 303 1752 sex
353 1698 535 1768 cyathi
583 1697 676 1749 uni
718 1695 1008 1748 sufficiunt.
1080 1694 1383 1762 cupidinem
1426 1693 1652 1746 coeundi
1691 1711 1895 1745 mascu-

207 1775 293 1826 lus
336 1773 648 1840 confitetur,
689 1771 900 1840 quoties
943 1769 1084 1822 circa
1126 1787 1179 1819 se
1213 1768 1471 1820 amictum
1513 1767 1711 1820 caudae
1753 1785 1893 1837 gem-

208 1848 408 1900 mantis
457 1848 709 1899 incuruat
756 1848 810 1896 et
850 1843 1189 1913 singularum
1230 1842 1407 1910 capita
1448 1841 1662 1894 oculata
1701 1859 1894 1910 penna·
1923 1864 1967 1894 20

211 1941 332 1974 rum
371 1922 502 1974 locis
546 1921 656 1972 suis
696 1919 867 1971 exerit
900 1937 1021 1970 cum
1054 1917 1284 1969 stridore
1316 1933 1653 1984 procurrens
1716 1916 1762 1967 si
1795 1933 1899 1968 oua

212 2014 487 2065 pauonum
536 1994 755 2064 gallinis
805 1993 1202 2060 subponantur‚
1250 1994 1534 2042 excusatae
1582 1993 1784 2042 matres
1829 1991 1895 2042 ab

214 2070 560 2123 incubatione
617 2066 793 2119 tribus
848 2066 1060 2118 uicibus
1114 2083 1210 2134 per
1266 2083 1465 2116 annum
1520 2063 1662 2116 fetus
1719 2065 1895 2116 edunt.

207 2145 416 2213 primus
466 2146 657 2212 partus
709 2141 944 2209 quinque
1002 2157 1252 2208 ouorum,
1308 2138 1569 2190 secundus
1626 2141 1900 2206 quattuor,

331 2324 352 2360 1
390 2317 610 2360 ciminum
649 2318 749 2359 Ticc
780 2317 785 2373 Ι
813 2315 1071 2358 Peduculos
1109 2314 1163 2369 G,
1197 2312 1423 2356 Pedulcos
1449 2313 1509 2367 E,
1543 2311 1818 2355 Paediculos
1851 2328 1896 2368 a,

208 2377 451 2435 pediculos
485 2379 600 2434 z'cys
639 2380 652 2431 Η
693 2381 717 2418 2
750 2374 938 2432 perimit
973 2389 1053 2417 om.
1082 2375 1161 2425 E}
1200 2371 1419 2416 ciminum
1457 2372 1729 2429 QSTF113
1761 2372 1896 2428 paria

209 2453 292 2482 om.
319 2438 370 2491 V,
411 2436 545 2493 paria
576 2436 781 2493 pondere
806 2435 961 2491 prael).
990 2434 1041 2487 S,
1074 2432 1176 2489 pari
1207 2432 1409 2488 pondere
1442 2432 1605 2488 Ecys,
1640 2431 1897 2487 et—paria

209 2511 339 2552 (mus)
368 2500 373 2552 1
401 2500 537 2539 tonsa
554 2496 595 2539 L
622 2498 635 2551 ΙΙ
661 2500 686 2538 6
713 2494 778 2537 eis
805 2509 886 2537 orm.
911 2493 1166 2549 TFans
1194 2497 1199 2546 Ι
1227 2491 1350 2534 fures
1376 2494 1423 2533 et
1447 2491 1496 2533 E
1517 2493 1530 2546 Η
1557 2495 1579 2532 7
1606 2489 1816 2546 plerique
1842 2491 1894 2546 V,

208 2570 291 2613 per
317 2570 451 2613 agros
478 2554 644 2612 uagari
669 2554 942 2611 plerumque
972 2552 1020 2608 Q,
1054 2566 1135 2607 per
1169 2565 1304 2607 agros
1332 2553 1560 2605 uagantes
1585 2549 1836 2606 plurimum
1861 2551 1893 2604 i,

208 2616 480 2672 plerumque
513 2629 596 2671 per
629 2627 764 2671 agros
798 2615 1027 2669 uagantes
1061 2625 1186 2668 acys
1211 2614 1224 2666 Η
1249 2614 1274 2652 8
1308 2609 1509 2652 educant
1533 2624 1620 2666 cys
1643 2610 1657 2664 ΙΙ
1683 2613 1708 2652 9
1743 2610 1790 2651 et
1810 2607 1891 2652 alt.

209 2689 335 2731 (noys
364 2678 368 2729 Ι
396 2675 501 2717 Vna
535 2687 644 2716 uero
677 2689 718 2728 a,
752 2686 845 2714 una
879 2672 1028 2729 [uero]
1055 2685 1141 2727 cys·
1165 2677 1178 2722 Η
1213 2674 1266 2712 10
1298 2668 1622 2711 incumbantes
1651 2668 1694 2710 L
1718 2669 1732 2723 Η
1759 2672 1809 2710 11
1844 2667 1893 2710 in

210 2733 374 2776 insulis
408 2733 678 2776 melioribus
711 2731 901 2774 meliore
927 2731 976 2773 E
999 2733 1011 2785 Η
1039 2735 1090 2771 12
1125 2728 1295 2772 femine
1323 2728 1378 2782 L,
1416 2727 1576 2770 femini
1605 2727 1642 2784 Q
1664 2729 1678 2783 ΙΙ
1705 2731 1759 2769 14
1791 2740 1893 2782 per-

210 2797 428 2836 secuntur
467 2793 570 2850 QG,
606 2794 910 2835 consecuntur
942 2790 990 2832 E
1032 2791 1036 2845 l
1066 2788 1214 2831 ueluti
1250 2787 1304 2841 G,
1347 2786 1486 2829 uelud
1520 2788 1569 2830 E
1598 2789 1612 2842 ΙΙ
1653 2790 1706 2828 15
1739 2785 1893 2828 nasci-

207 2856 283 2895 tur
320 2852 356 2908 Q
403 2854 416 2906 Η
465 2856 519 2894 18
563 2851 674 2895 ciati
715 2850 875 2902 LVS,
918 2847 1068 2904 quia-ti
1111 2848 1211 2904 ΨΥ,
1252 2845 1384 2901 quati
1420 2847 1474 2900 G,
1521 2843 1679 2901 cyathi
1718 2846 1848 2888 ceteri
1884 2846 1888 2903 Ι

207 2911 306 2953 uini
334 2912 423 2954 ,51⁴1
461 2914 474 2966 Η
517 2917 568 2954 19
612 2909 811 2953 amicum
844 2909 892 2951 E
937 2912 948 2961 Ιὲ
997 2912 1052 2950 ‘20
1087 2906 1371 2963 singulorum
1405 2906 1453 2948 E
1491 2906 1495 2961 Ι
1539 2903 1753 2948 occulata
1784 2904 1891 2958 VG,

213 2970 398 3013 occulta
432 2969 630 3013 FEiac
659 2974 661 3023 ἓ
691 2969 938 3025 pinnarum
972 2967 1065 3022 LQ)
1104 2970 1116 3021 Η
1158 2972 1209 3008 ‘21
1245 2968 1381 3008 exent
1414 2966 1448 3008 S
1484 2967 1497 3020 11
1538 2969 1592 3006 ‘24
1625 2976 1817 3006 ouarum
1855 2964 1894 3020 Q
