2014 3169
214 172 317 224 192
907 171 1188 214 PALLADII

212 298 314 345 tur.
394 293 439 345 si
487 312 550 345 ex
596 293 756 344 nimis
806 292 913 345 acri
953 293 1162 344 dulcem
1201 292 1319 344 fieri
1358 292 1514 359 ueliS‚
1559 292 1763 344 femina
1800 291 1884 344 die

214 371 268 419 et
306 370 464 419 nocte
505 367 662 418 melle
702 367 999 419 macerabis
1041 369 1134 418 aut
1173 384 1348 434 passo.
1418 366 1664 418 rafanum
1703 369 1885 418 tamen

213 441 352 493 sicut
400 441 695 493 brassicam
742 444 955 492 constat
1003 458 1117 492 esse
1159 440 1362 491 uitibus
1402 440 1689 492 inimicam.
1757 457 1885 491 nam

214 516 258 567 si
314 515 455 567 circa
511 532 566 566 se
622 519 894 583 serantur,
947 517 1142 566 natura
1198 513 1535 566 discordante
1593 513 1883 584 refugiunt.

208 588 310 641 hoc
351 589 512 640 etiam
553 607 732 640 mense
772 588 1078 657 pastinacas
1120 605 1371 640 seremuS.
1932 603 1951 635 5

862 779 960 832 DE
1002 777 1238 832 POMIS,

123 883 203 935 VI
323 883 509 935 Etiam
562 902 701 936 nunc
756 884 1150 952 inplastrantur
1205 883 1436 934 arbusta.
1517 882 1694 951 pirum
1745 900 1885 935 nunc

212 958 453 1027 plerique
493 958 738 1010 inserunt
777 961 831 1010 et
869 957 1001 1009 Iocis
1041 957 1270 1027 inriguis
1312 956 1559 1009 arborem
1599 956 1734 1009 citri.

839 1149 936 1202 DE
981 1147 1260 1204 APIBVS.

124 1254 231 1307 VII
346 1254 465 1308 Hoc
498 1274 678 1308 mense
709 1255 994 1307 crabrones
1022 1254 1237 1306 molesti
1263 1257 1388 1306 sunt
1414 1253 1662 1305 alueariis
1689 1252 1887 1321 apium,
1911 1270 1955 1301 ιο

213 1347 346 1397 quos
387 1330 637 1399 persequi
679 1348 739 1382 ac
778 1347 968 1381 necare
1010 1328 1279 1380 debemus,
1349 1345 1492 1379 nunc
1531 1327 1710 1396 etiam,
1750 1344 1884 1395 quae

211 1403 341 1456 iulio
381 1422 489 1456 non
530 1404 881 1471 occurrimus,
922 1421 1261 1471 exequamur.

616 1595 716 1648 DE
757 1594 960 1657 AQVA
1001 1592 1490 1647 INVENIENDA.

130 1699 264 1751 VIII
377 1699 535 1751 Nunc
575 1699 619 1750 si
660 1698 829 1751 deerit
871 1715 1024 1765 aqua,
1065 1715 1180 1748 eam
1223 1714 1474 1766 quaerere
1516 1713 1575 1748 ac
1615 1694 1885 1764 uestigare

214 1774 454 1841 debebis,
511 1791 672 1842 quam
719 1772 903 1824 taliter
950 1771 1155 1839 poteris
1203 1768 1457 1822 inuenire.
1537 1772 1659 1822 ante
1707 1774 1886 1821 ortum
1913 1788 1953 1821 15

215 1848 344 1900 solis
384 1847 469 1900 his
508 1847 657 1914 locis,
699 1846 894 1915 quibus
936 1863 1073 1914 aqua
1114 1845 1416 1913 quaerenda
1453 1847 1549 1910 est,
1591 1842 1888 1912 aequaliter

213 1940 413 1991 pronus
477 1925 659 1973 mento
724 1921 789 1972 ad
852 1920 1027 1972 solum
1089 1920 1340 1987 depresso
1398 1918 1576 1970 iacens
1633 1917 1689 1969 in
1744 1921 1889 1969 terra

216 1996 484 2064 spectabis
541 1995 803 2047 orientem
853 1997 928 2061 et,
985 1994 1041 2045 in
1095 2011 1199 2062 quo
1247 1993 1365 2045 loco
1416 1991 1650 2060 crispum
1700 1991 1888 2043 subtili

215 2069 412 2122 nebula
453 2088 629 2122 aerem
663 2086 880 2138 surgere
913 2066 1112 2119 uideris
1147 2070 1201 2119 et
1232 2067 1383 2118 uelut
1414 2084 1592 2118 rorem
1624 2081 1889 2134 spargere,

218 2144 373 2213 signo
423 2144 603 2211 aliquo
651 2143 859 2195 uicinae
908 2142 1093 2210 stirpis
1142 2145 1235 2193 aut
1279 2140 1488 2193 arboris
1528 2138 1888 2208 praenotabis.
1914 2159 1956 2192 20

215 2236 342 2269 nam
391 2221 603 2271 constat
643 2217 798 2269 siccis
838 2216 994 2284 lociS‚
1041 2215 1133 2267 ubi
1173 2215 1276 2267 hoc
1315 2214 1432 2283 fiet,
1472 2231 1666 2281 aquam
1707 2212 1886 2264 latere.

219 2293 308 2344 sed
361 2295 628 2344 terrarum
683 2308 851 2360 genus
909 2288 1293 2357 considerabis,
1346 2291 1408 2340 ut
1461 2287 1636 2356 possis
1690 2286 1777 2338 uel
1826 2287 1888 2338 de

277 2442 297 2480 1
336 2451 443 2480 acra
475 2450 623 2480 omnes
662 2439 675 2491 ΙΙ
715 2440 739 2478 2
775 2449 827 2478 ac
859 2437 994 2478 nocte
1028 2435 1077 2478 E
1113 2435 1118 2491 Ι
1162 2434 1435 2490 Raphanum
1470 2431 1846 2488 LVEFiacqs
1875 2433 1891 2489 ΙΙ

219 2502 242 2538 3
275 2495 513 2539 inimicum
546 2497 630 2539 Ea
667 2499 680 2551 ΙΙ
721 2501 745 2538 5
779 2494 922 2537 etiam
954 2508 1033 2537 om.
1062 2494 1111 2537 E
1148 2495 1153 2550 Ι
1195 2492 1486 2550 pastinacam
1520 2491 1569 2534 E
1604 2492 1619 2546 ΙΙ
1659 2495 1682 2533 7
1716 2489 1890 2547 empla-

218 2559 423 2598 strantur
447 2570 573 2612 acys
601 2558 606 2611 Ι
634 2568 718 2597 nec
744 2567 831 2610 pro
862 2568 983 2596 nunc
1002 2568 1038 2609 p
1061 2555 1075 2609 ΙΙ
1099 2557 1124 2596 8
1157 2551 1323 2595 nutriri
1349 2565 1436 2607 pro
1462 2549 1566 2593 citri
1584 2565 1620 2606 p
1643 2552 1657 2606 ΙΙ
1684 2554 1737 2592 10
1770 2562 1890 2592 scra-

216 2614 359 2658 bones
392 2616 451 2668 E,
487 2614 710 2658 crabones
743 2615 761 2656 ι’
788 2615 793 2669 Ι
828 2612 986 2656 infesti
1014 2628 1048 2668 p
1083 2615 1088 2669 Ι
1126 2625 1264 2668 apum
1302 2610 1553 2666 TGiacys
1590 2611 1604 2665 ΙΙ
1646 2613 1698 2651 12
1732 2621 1888 2651 excur-

215 2673 357 2716 rimus
408 2674 539 2728 G-ac,
595 2672 873 2716 occurrimus
927 2671 1079 2715 facere
1129 2685 1192 2727 ps
1252 2673 1266 2726 ΙΙ
1329 2675 1381 2712 13
1435 2666 1891 2712 INUESTIGANDA

219 2732 603 2775 INUENOENDA
643 2733 679 2776 S
720 2735 734 2787 ΙΙ
783 2737 836 2774 14
883 2730 1011 2773 Tunc
1045 2731 1093 2774 E
1141 2732 1146 2786 Ι
1197 2743 1298 2773 eam
1338 2743 1419 2773 om.
1454 2728 1504 2771 E
1551 2730 1556 2784 Ι
1606 2725 1889 2783 inuestigare

218 2792 358 2835 debes
390 2792 439 2835 E
483 2795 496 2848 ΙΙ
545 2797 598 2834 16
639 2791 747 2834 solis
781 2793 932 2834 ortum
969 2791 1010 2833 T
1047 2792 1052 2848 Ι
1094 2788 1152 2832 iis
1185 2803 1310 2846 acys
1352 2789 1357 2845 Ι
1401 2786 1510 2831 solis
1536 2799 1622 2842 pro
1653 2785 1767 2829 locis
1802 2785 1844 2828 G
1875 2786 1890 2841 ΙΙ

220 2855 272 2892 17
306 2855 477 2894 terram
509 2852 559 2894 E
593 2854 608 2908 ΙΙ
650 2855 702 2893 19
735 2849 917 2893 uidebis
950 2850 1102 2906 iacys
1144 2851 1150 2904 Ι
1192 2847 1330 2891 uelud
1364 2848 1431 2902 E,
1466 2849 1512 2890 et
1543 2842 1888 2888 uelut—uiridi

219 2911 309 2964 (12,
337 2914 409 2964 18,
436 2914 480 2966 1)
520 2925 601 2954 om.
640 2911 676 2967 Q
708 2910 780 2965 (cf.
811 2909 977 2964 praef.)
1027 2910 1032 2965 Ι
1083 2921 1230 2951 rorem
1263 2921 1343 2951 om.
1382 2907 1424 2951 G
1468 2909 1482 2962 ΙΙ
1530 2909 1582 2947 21
1627 2902 1768 2946 fuerit
1799 2903 1848 2946 E
1875 2904 1892 2961 ΙΙ

220 2973 273 3010 22
307 2972 477 3012 terram
510 2970 569 3024 F,
603 2972 752 3012 terrae
784 2968 834 3011 E
