2014 3169
22 1427 77 1479 Il

25 2020 110 2073 III

118 121 144 170 I
154 120 179 170 1
191 119 221 171 8
823 118 1106 161 PALLADH

115 241 257 293 torio
315 240 474 292 debet
527 240 761 307 adnecti,
815 258 882 292 ne
937 244 1118 292 motus
1169 240 1335 308 aliqui
1384 240 1636 310 fragilem
1683 260 1803 310 pro-

115 315 351 367 cedentis
392 313 654 365 sarmenti
689 317 911 381 quasset
944 316 1191 366 aetatem.
1253 314 1349 366 ubi
1383 315 1604 367 solidius
1641 333 1803 383 quan-

114 393 463 456 tumcumque
522 388 874 456 processerit,
931 387 1148 440 uincula
1195 391 1410 456 oportet
1457 389 1681 457 abscidi,
1735 408 1801 441 ne

114 462 476 515 adolescentia
516 461 825 514 mollissimi
865 462 1126 531 germinis
1166 462 1307 514 nodo
1350 462 1512 514 durae
1546 463 1803 516 constric-

115 538 280 589 tionis
331 539 580 605 angatur.
659 536 828 605 aliqui
867 536 1010 587 infra
1050 539 1252 588 terram
1293 536 1581 604 semipedis
1623 538 1800 606 spatio
1850 559 1868 590 5

115 612 339 663 effossae
384 610 487 662 uiti
529 611 773 662 surculos
814 610 1061 662 inserunt
1102 614 1156 661 et
1195 610 1456 662 beneficio
1498 610 1800 680 congestio-

111 686 196 737 nis
232 684 596 752 adcumulant,
628 688 690 736 ut
720 684 824 736 hoc
858 702 1069 752 quoque
1094 684 1250 736 nouis
1279 684 1564 737 sarmentis
1588 688 1803 754 praeter

113 760 341 812 nutricis
361 759 621 810 alimenta
636 759 948 817 ,subueniat
985 757 1233 810 nonnulli
1259 758 1401 811 circa
1417 762 1590 811 terras
1610 759 1802 812 melius

115 835 371 886 adserunt
425 833 792 900 inserendum,
850 831 975 900 quia
1026 831 1082 883 in
1131 832 1314 884 altiori
1363 831 1636 885 difficilius
1684 851 1803 886 con-

112 908 467 976 prehendunt.
545 925 715 975 usque
772 907 838 958 ad
891 907 1011 958 idus
1068 907 1155 958 uel
1205 907 1609 974 aequinoctium
1659 907 1800 960 uites
1828 929 1869 959 10

113 983 247 1034 locis
293 981 509 1051 frigidis
558 982 871 1050 pangendae
920 983 1047 1032 sunt
1095 998 1188 1033 seu
1236 981 1450 1048 pastino
1509 999 1603 1033 seu
1652 981 1801 1034 sulco

115 1075 209 1108 seu
251 1055 533 1109 scrobibus
576 1074 746 1122 more,
788 1073 892 1124 quo
935 1055 1138 1107 dictum
1179 1059 1274 1107 est.

157 1234 252 1286 DE
296 1233 558 1285 PRATIS
600 1231 1027 1285 PVRGANDIS
1068 1232 1149 1284 IN
1190 1231 1396 1286 LOCIS
1439 1231 1764 1286 FRIGIDIS

404 1380 409 1385 Α
456 1323 551 1375 ΕΤ
592 1320 1191 1375 PROSCINDENDIS
1232 1320 1471 1375 AGRIS.

226 1425 385 1478 Nunc
427 1427 561 1479 locis
593 1426 806 1496 frigidis
841 1430 998 1494 prata
1029 1427 1311 1496 purganda
1344 1430 1507 1494 atque
1541 1427 1803 1478 seruanda
1828 1448 1869 1479 15

117 1505 256 1554 sunt.
320 1499 454 1553 locis
497 1501 688 1570 gelidis
731 1501 892 1552 colles
931 1501 1161 1570 pingues
1202 1504 1256 1552 et
1297 1518 1459 1570 agros
1500 1500 1802 1571 uliginosos

115 1576 459 1644 proscindere
502 1579 662 1645 atque
705 1593 922 1627 exarare
965 1575 1262 1627 conueniet.
1326 1579 1583 1627 ueruacta
1623 1575 1803 1641 etiam,

118 1669 250 1718 quae
291 1649 536 1702 ianuario
579 1668 761 1701 mense
805 1653 931 1701 sunt
971 1649 1137 1718 facta,
1176 1652 1433 1717 repetere.

368 1828 467 1881 DE
509 1826 779 1881 PANICO
820 1827 914 1878 ET
955 1825 1163 1879 MILIO
1207 1825 1552 1879 SERENDO

650 1916 803 1970 CVM
845 1914 1278 1969 DISCIPLINA.
1831 1937 1874 1967 20

230 2020 432 2074 Calidis
490 2025 543 2074 et
599 2022 754 2074 siccis
803 2021 1116 2090 regionibus
1164 2021 1416 2089 panicum
1465 2039 1701 2073 seremus
1752 2023 1806 2073 et

116 2097 340 2149 milium.
421 2096 597 2148 leuem
646 2099 700 2147 et
747 2096 981 2147 solutam
1023 2098 1226 2147 terram
1267 2095 1573 2147 desiderant
1611 2113 1709 2147 nec
1749 2095 1806 2146 in

239 2277 259 2313 1
298 2271 469 2328 aliquis
504 2272 553 2314 E
565 2271 770 2328 Ga‘acqs
799 2271 803 2328 Ι
832 2269 1115 2326 procidentis
1149 2271 1192 2312 V
1211 2272 1224 2326 ΙΙ
1249 2274 1273 2312 2
1309 2269 1554 2313 sarmentis
1582 2270 1632 2313 F
1655 2271 1660 2328 Ι
1689 2285 1804 2326 quas

119 2334 165 2374 et
199 2332 314 2386 PL',
349 2333 575 2387 quassent
611 2331 651 2373 T
695 2334 708 2386 ΙΙ
756 2334 780 2372 3
815 2329 943 2372 absc-i
972 2333 1097 2386 (ras.)
1131 2329 1178 2371 di
1211 2329 1261 2383 S,
1308 2328 1521 2372 abscindi
1554 2330 1762 2387 Eiacys
1792 2330 1808 2388 ΙΙ

118 2395 146 2432 4
180 2390 490 2434 adoliscentia
518 2392 570 2445 P,
607 2389 927 2433 adulescentia
958 2390 997 2432 G
1027 2391 1032 2444 Ι
1063 2388 1280 2431 altissimi
1311 2387 1572 2431 mollissimi
1597 2390 1640 2432 L
1668 2390 1673 2447 Ι
1703 2403 1810 2433 con-

121 2450 326 2493 tritionis
363 2452 404 2495 G
450 2453 464 2506 Η
512 2455 536 2493 5
572 2449 788 2506 cingatur
819 2449 869 2492 E
911 2450 914 2504 Ι
959 2448 1095 2491 semis
1128 2448 1221 2491 PL
1236 2447 1293 2504 Q,
1336 2447 1449 2491 semi
1483 2449 1525 2491 V
1553 2448 1726 2506 (spedis
1759 2450 1811 2492 in

121 2511 342 2567 maryine)
382 2512 430 2565 T,
466 2508 736 2565 semispatio
774 2508 814 2552 G
853 2510 866 2563 ΙΙ
907 2512 931 2550 8
968 2507 1192 2551 alimenta
1225 2522 1305 2551 om.
1333 2508 1382 2550 E
1419 2510 1423 2564 Ι
1469 2507 1689 2552 subuenit
1724 2508 1766 2552 G

123 2575 147 2612 9
184 2569 565 2625 conprehendant
601 2568 808 2624 QVGF
827 2570 841 2623 ΙΙ
876 2572 926 2609 11
961 2566 1200 2623 pastinato
1232 2568 1287 2622 iu
1313 2571 1366 2608 12
1400 2581 1525 2610 more
1558 2581 1639 2612 om.
1667 2567 1771 2610 LF
1795 2508 1811 2625 11

125 2634 179 2671 14
213 2628 450 2672 CETERA
476 2642 564 2684 pro
596 2626 797 2671 PROSC.
825 2626 961 2670 AGR.
990 2627 1038 2669 E
1059 2629 1072 2682 Η
1101 2632 1152 2669 15
1186 2628 1389 2682 purgata
1417 2626 1453 2682 Q
1476 2629 1490 2682 ΙΙ
1518 2632 1569 2669 17
1606 2626 1811 2683 proscin-

124 2689 231 2731 dere
271 2687 527 2745 uliginosos
563 2689 580 2729 z·
630 2689 634 2744 Ι
686 2688 1193 2742 ueruacta—-repetere
1226 2699 1306 2728 om.
1343 2686 1392 2740 V,
1433 2685 1532 2728 ueri
1565 2688 1672 2729 acta
1704 2686 1807 2741 SE,

119 2748 346 2790 beruacta
382 2748 436 2803 G,
477 2746 721 2790 beruacita
747 2760 782 2801 p
821 2748 834 2800 ΙΙ
876 2751 928 2788 18
963 2748 1071 2788 sunt
1101 2758 1257 2787 mense
1291 2745 1392 2799 SE,
1434 2758 1591 2788 mense
1627 2760 1709 2789 om.
1730 2759 1767 2801 p
1799 2745 1805 2803 Ι

121 2810 331 2863 repetere
364 2807 493 2850 facta
520 2808 568 2850 E
589 2809 602 2861 Η
631 2812 682 2848 19
717 2804 962 2847 PANITIO
991 2806 1035 2858 S,
1068 2803 1310 2847 PANICIO
1339 2805 1387 2846 Ε
1408 2806 1422 2859 Η
1448 2810 1502 2847 20
1537 2804 1663 2848 CVM
1694 2804 1810 2848 DIS-

123 2866 372 2910 CIPLINIS
408 2867 459 2920 S,
503 2865 627 2908 CVM
662 2864 889 2907 ORDINE
925 2863 1036 2907 SVO
1077 2864 1212 2920 Qiac
1255 2865 1270 2919 ΙΙ
1319 2869 1369 2905 21
1413 2863 1646 2919 panitium
1678 2864 1769 2908 SE
1802 2866 1806 2921 ᾗ

126 2939 387 2969 serenemus
425 2927 462 2982 Q
