2014 3169
118 90 232 143 264
827 89 1111 132 PALLADE

270 210 403 263 uitis
446 214 501 263 et
542 210 851 280 amplexum
891 210 1067 279 pascit
1107 210 1292 263 adulta
1331 228 1500 281 genus

199 285 586 356 degenerisque
629 303 813 338 comae
853 284 1089 355 uestigia
1128 284 1277 337 mitis
1317 285 1593 338 inumbrat

33 362 106 414 50
273 358 563 429 pampinus
605 362 660 412 et
698 359 891 429 pingui
932 362 1123 412 curuat
1164 362 1358 411 onusta
1397 360 1509 413 deo,

778 521 876 574 DE
919 521 1161 578 OLIVA.

195 627 420 680 Robora
459 625 691 680 Palladii
734 627 990 679 decorant
1031 627 1306 679 siluestria
1344 627 1497 692 rami,
1863 649 1886 681 5

272 701 532 754 nobilitat
570 704 758 770 partus
800 702 935 753 baca
975 701 1207 769 superba
1247 701 1406 768 feros,

200 776 456 829 fecundat
497 775 697 828 sterilis
738 776 967 845 pingues
1011 777 1245 828 oleaster
1285 775 1457 827 oliuas

273 855 328 902 et
370 869 505 919 quae
545 869 654 903 non
693 850 850 902 nouit
889 869 1127 919 munera,
1167 850 1307 902 ferre
1347 851 1517 902 docet.

811 1013 907 1066 DE
951 1013 1139 1066 PIRO.

32 1119 106 1172 55
201 1117 456 1171 Germine
498 1136 631 1170 cana
670 1118 820 1187 prius
861 1118 1049 1170 niueos
1089 1118 1234 1170 haud
1273 1118 1458 1170 inuida
1496 1117 1656 1170 flores
1841 1137 1888 1170 10

275 1193 584 1253 commodat
625 1196 679 1244 et
718 1193 932 1244 uarium
970 1192 1142 1245 nectit
1182 1210 1363 1245 amore
1402 1210 1607 1244 nemus,

197 1286 341 1320 nunc
381 1265 525 1335 rapit
563 1267 791 1319 hirsutis
832 1267 1102 1319 horrenda
1142 1267 1419 1319 sororibus
1460 1284 1611 1318 arma

276 1345 331 1394 et
371 1342 528 1394 docet
567 1340 862 1393 indomitas
902 1360 1101 1410 ponere
1142 1342 1251 1393 tela
1290 1341 1454 1409 piros.

197 1434 343 1468 nunc
382 1419 613 1468 teretem
652 1415 845 1485 pingui
884 1416 1134 1483 producit
1174 1415 1417 1467 acumine
1459 1415 1663 1467 malum

36 1491 109 1543 60
275 1489 653 1558 fraxineasque
693 1508 837 1542 nouo
877 1490 1047 1542 flectit
1086 1489 1290 1542 honore
1331 1507 1539 1541 manus.
1843 1508 1888 1541 15

196 1564 454 1633 phyllida,
489 1565 620 1632 quin
660 1564 823 1616 etiam
865 1563 1058 1633 grandi
1100 1564 1381 1616 mitescere
1421 1562 1603 1616 fructu

274 1639 584 1707 instituenS‚
626 1638 788 1690 durae
830 1638 922 1690 dat
964 1656 1062 1690 sua
1102 1639 1347 1690 membra
1387 1637 1512 1690 cuti.

200 1716 255 1766 et
295 1712 508 1766 steriles
549 1713 734 1780 spinos
777 1716 830 1764 et
869 1713 1099 1764 inertem
1140 1711 1343 1764 fetibus
1387 1730 1580 1764 ornum

276 1789 430 1840 dotat
470 1791 524 1839 et
563 1787 814 1857 ignotum
856 1786 1003 1856 cogit
1044 1805 1223 1838 amare
1265 1787 1441 1839 decus,

39 1863 111 1916 65
201 1862 365 1914 huius
407 1865 460 1914 et
499 1861 714 1913 inmissi
755 1865 965 1913 uertere
1008 1862 1247 1929 cydonea
1286 1861 1425 1912 rami
1845 1880 1891 1912 20

275 1954 545 2005 pomaque
587 1935 842 1988 confusus
876 1935 1075 1987 blanda
1116 1935 1320 1988 creauit
1362 1935 1504 1987 odor.

203 2015 487 2065 castaneae
529 2014 712 2079 septos
755 2028 915 2078 aspro
957 2010 1224 2062 uelamine
1264 2009 1409 2061 fetus

277 2085 427 2137 exuit
468 2088 522 2136 et
561 2084 774 2152 placido
815 2084 1050 2152 pondere
1083 2087 1260 2136 mutat
1302 2101 1435 2135 onus

201 2159 538 2228 mespilaque
572 2163 815 2210 exarmat
847 2158 1185 2227 pugnacibus
1225 2157 1446 2210 horrida
1486 2155 1744 2208 membris

40 2236 109 2288 70
278 2237 332 2285 et
372 2234 517 2285 mala
557 2232 853 2301 tranquillo
896 2233 1093 2284 cortice
1133 2235 1264 2284 uota
1301 2230 1513 2300 premit.
1845 2250 1890 2283 25

204 2308 441 2361 creditur
480 2307 538 2359 in
577 2306 774 2376 libycis
815 2324 912 2358 sua
953 2307 1196 2376 germina
1234 2310 1450 2358 nectere
1491 2303 1657 2356 ramis

278 2383 529 2450 laetaque
569 2380 797 2450 puniceo
838 2399 996 2449 posse
1037 2381 1226 2433 decore
1266 2380 1387 2432 frui.

248 2547 272 2585 1
306 2541 421 2585 uiris
453 2542 498 2585 A
527 2542 532 2599 Ι
573 2540 720 2598 gemis
753 2542 797 2584 A
837 2543 851 2597 Η
891 2547 915 2584 3
949 2541 1151 2584 honusta
1185 2541 1296 2584 BH
1325 2541 1339 2596 Η
1387 2545 1410 2582 5
1447 2539 1638 2583 decorat
1670 2537 1823 2582 BGD
1878 2542 1882 2547 '

127 2604 284 2660 iacys
331 2604 344 2658 ΙΙ
386 2607 409 2644 7
457 2600 638 2644 steriles
671 2601 790 2654 ΑΗ,
824 2600 1012 2658 pinguis
1045 2600 1214 2644 ADH
1249 2603 1261 2656 ΙΙ
1313 2604 1338 2642 8
1371 2598 1506 2642 nobit
1537 2599 1586 2642 D
1632 2600 1646 2654 Η
1694 2602 1718 2641 9
1749 2596 1821 2641 De

128 2661 248 2705 Piris
280 2662 329 2706 D
355 2664 369 2718 Η
397 2666 449 2704 10
483 2660 666 2703 inuidia
697 2661 741 2703 A
775 2664 788 2717 Η
822 2665 873 2703 11
911 2660 1215 2703 Commendat
1245 2660 1294 2702 D
1319 2661 1332 2714 Η
1360 2663 1412 2701 16
1445 2657 1654 2701 Phillida
1677 2655 1782 2700 AD

127 2720 243 2775 quid
275 2721 365 2777 ΗΗ
391 2725 445 2763 2Ο
480 2719 786 2774 cidoniaAC‚
822 2719 1022 2775 cydonia
1055 2720 1327 2775 DHz'acys
1351 2720 1364 2773 Η
1391 2723 1443 2760 22
1479 2716 1706 2760 Castanee
1737 2715 1783 2758 A

129 2780 366 2823 uolamine
399 2781 447 2823 D
487 2782 501 2836 ΙΙ
538 2785 592 2822 24
626 2781 868 2822 exarmant
891 2779 940 2822 D
984 2781 988 2834 Ι
1031 2777 1351 2835 pugnantibus
1384 2779 1427 2820 A
1460 2779 1474 2832 Η
1511 2781 1565 2820 25
1597 2775 1697 2819 fota
1728 2775 1774 2817 B

126 2842 298 2895 petunt
328 2840 438 2883 AH
472 2841 486 2894 Η
525 2843 578 2881 26
613 2844 659 2881 et
686 2853 772 2894 pro
805 2837 853 2880 in
885 2853 906 2881 8
949 2841 953 2893 Ι
997 2837 1151 2880 libicis
1184 2837 1353 2891 ADH,
1387 2835 1556 2892 libycis
1588 2835 1648 2890 B,
1679 2832 1821 2890 Lybi-⁴

129 2897 196 2942 cis
232 2900 302 2955 ΘΗ
336 2903 389 2942 27
424 2899 632 2953 Letaque
664 2900 709 2941 A
737 2901 742 2954 ι
771 2897 948 2941 Punica
981 2898 1028 2941 D
1057 2899 1063 2956 Ι
1093 2897 1255 2940 decere
1287 2897 1343 2939 H
1807 2893 1814 2924 ·'
