2072 3145
751 133 946 178 AGRIC.
972 134 1015 177 Π
1042 139 1214 178 15-—18
1749 136 1817 188 67

457 343 554 396 DE
599 341 996 397 SIGNANDIS
1036 342 1500 397 ANIMALIBVS

221 433 315 485 ET
354 431 582 485 LARDI
621 432 715 485 ET
753 429 1171 484 PERNARVM
1211 431 1730 486 CONFECTIONE

577 521 671 574 ET
709 518 967 574 ECHINI
1006 520 1101 572 ET
1140 520 1370 574 RAPIS.

240 625 361 678 Hoc
394 644 598 692 mense,
632 625 772 678 sicut
805 622 1106 677 Columella
1138 624 1290 693 dicit,
1330 626 1529 677 maturi
1561 626 1690 695 agni
1770 624 1903 678 XVI

88 721 106 752 5
132 703 186 751 et
245 699 501 751 animalia
557 700 734 751 omnia
783 700 993 751 minora
1042 702 1202 767 atque
1250 700 1457 751 maiora
1505 699 1814 753 charactere

133 773 429 842 signentur.
506 773 609 825 1100
655 776 897 840 130111ΡοΥο
946 772 1108 841 lardi,
1156 772 1331 825 echini
1372 773 1515 841 salsi,
1554 792 1813 841 raporum

132 847 553 899 condiendorum
594 850 648 898 et
685 865 974 916 pernarum
1012 846 1157 899 iusta
1198 846 1462 899 confectio
1505 851 1602 900 est.

605 1039 704 1091 DE
749 1037 939 1092 OLEO
981 1037 1335 1092 MYRTINO.

236 1142 357 1195 Hoc
402 1160 581 1194 mense
621 1143 770 1194 bacis
810 1146 1019 1211 myrtae
1062 1143 1239 1195 oleum
1280 1143 1527 1195 conficies
1568 1142 1671 1194 1100
1741 1141 1899 1196 XVII

61 1238 102 1269 10
127 1217 301 1269 modo.
363 1217 578 1269 unciam
618 1216 873 1269 foliorum
917 1235 1014 1284 per
1054 1217 1159 1268 olei
1197 1235 1358 1268 unam
1399 1217 1596 1268 libram
1628 1216 1813 1268 mittes

129 1295 183 1342 et
221 1309 320 1359 per
358 1291 542 1342 uncias
585 1290 767 1343 decem
806 1290 921 1341 uini
960 1290 1158 1342 ueteris
1194 1291 1415 1359 styptici
1448 1290 1726 1343 heminam
1760 1295 1814 1342 et

126 1383 247 1417 cum
296 1364 414 1416 oleo
465 1364 659 1416 bullire
706 1363 885 1416 facies.
964 1365 1162 1416 idcirco
1213 1368 1393 1416 autem
1434 1364 1560 1416 uino
1606 1383 1812 1432 resper-

126 1441 327 1508 guntur
366 1438 518 1506 folia,
556 1457 623 1489 ne
663 1437 959 1507 frigantur,
1002 1442 1292 1506 antequam
1334 1439 1718 1507 decoquantur.

611 1629 708 1681 DE
751 1629 931 1682 VINO
975 1629 1320 1682 MYRTITE.

56 1754 97 1786 15
232 1731 370 1786 Item
415 1734 615 1785 eisdem
654 1734 800 1786 bacis
840 1735 1028 1786 uinum
1067 1734 1290 1803 myrtite
1332 1735 1408 1786 sic
1446 1734 1626 1788 facies,
1702 1734 1891 1789 XVIII

122 1808 178 1860 in
224 1808 337 1860 uini
385 1808 584 1859 ueteris
634 1809 883 1860 sextariis
929 1807 1130 1860 urbicis
1180 1809 1362 1861 decem
1401 1808 1587 1860 mittes
1629 1828 1799 1879 grana

123 1885 332 1950 myrtae
389 1881 663 1934 confracta
719 1883 979 1935 sextarios
1034 1882 1249 1935 urbicos
1304 1886 1441 1948 treS‚
1498 1900 1632 1951 quae
1689 1885 1801 1936 sint

123 1956 304 2007 decem
344 1959 398 2008 et
436 1974 632 2007 nouem
665 1956 850 2008 diebus
883 1956 1075 2008 infusa.
1136 1960 1326 2024 postea
1360 1957 1625 2025 expressis
1659 1977 1797 2027 myr-

122 2033 208 2081 tae
256 2030 439 2099 granis
489 2030 691 2082 colabis
742 2034 795 2080 et
842 2031 897 2081 in
946 2048 1007 2082 eo
1049 2030 1175 2082 uino
1215 2030 1450 2082 medium
1491 2032 1633 2084 croci
1674 2033 1801 2084 scri-

58 2125 99 2155 10
121 2103 309 2172 pulum
357 2106 410 2155 et
455 2103 575 2155 folii
621 2123 788 2155 unum
836 2103 1130 2173 scripulum
1177 2105 1361 2156 mittes
1410 2108 1464 2157 et
1512 2124 1576 2157 ex
1622 2106 1798 2158 mellis

124 2178 319 2246 optimi
360 2177 542 2229 decem
580 2178 734 2229 libris
776 2178 956 2230 omnia
996 2178 1338 2246 temperabis.

242 2342 266 2379 2
305 2336 383 2380 ET
414 2336 861 2380 LARDI—R-APIS
893 2352 973 2381 om.
1008 2339 1059 2381 E
1100 2341 1114 2394 ΙΙ
1169 2343 1194 2380 3
1228 2337 1395 2381 ΟΙΞΠΝΙ
1429 2339 1485 2394 Q,
1518 2339 1683 2382 EPINI
1716 2341 1759 2383 V
1796 2341 1802 2398 Ι

121 2395 198 2438 ΕΤ
237 2395 411 2439 RAPIS
451 2410 531 2440 om.
566 2397 609 2439 V
642 2398 656 2455 ΙΙ
696 2402 720 2439 6
763 2396 1007 2453 signantur
1044 2398 1094 2440 E
1127 2398 1131 2455 Ι
1177 2397 1287 2440 33113
1319 2398 1369 2439 Ε
1410 2397 1415 2455 Ι
1459 2411 1675 2453 saporum
1707 2400 1758 2441 Ε
1788 2400 1804 2456 ΙΙ

122 2461 146 2498 9
188 2468 243 2498 ex
286 2454 443 2498 baccis
489 2455 653 2512 (bacis)
693 2456 902 2513 Eiaeys
944 2459 949 2512 Ι
992 2456 1133 2512 myrti
1169 2457 1372 2513 Giacys
1414 2460 1420 2512 Ι
1465 2456 1664 2500 conficili
1707 2458 1758 2500 E
1786 2460 1800 2515 ΙΙ

124 2519 179 2557 10
218 2514 447 2557 Uncinam
483 2515 524 2559 G
551 2517 556 2572 Ι
584 2514 753 2557 libram
794 2529 935 2558 unam
965 2517 1173 2573 Eiacys
1197 2518 1211 2571 ΙΙ
1235 2515 1395 2558 mittas
1427 2516 1482 2570 P,
1523 2516 1672 2564 mittis
1706 2517 1802 2573 LQ

129 2573 430 2617 VSETGF
469 2576 484 2630 ΙΙ
532 2579 583 2616 11
626 2574 706 2616 11111
739 2575 831 2631 PQ
881 2578 886 2630 Ι
937 2575 1104 2632 stypici
1135 2576 1216 2630 Lu
1243 2580 1294 2617 12
1332 2573 1499 2618 iccirco
1539 2577 1628 2619 iac
1677 2579 1682 2631 Ι
1733 2589 1803 2618 re-

123 2635 396 2689 spergentur
433 2634 510 2688 ia,
550 2636 876 2689 respargentur
907 2648 995 2690 093
1040 2636 1054 2690 ΙΙ
1103 2639 1155 2677 13
1188 2648 1245 2676 110
1277 2633 1608 2690 refrigerentur
1639 2635 1708 2690 E,
1748 2638 1802 2678 ut

120 2691 452 2748 refrigerentur
475 2707 512 2747 p
546 2698 551 2748 Ι
589 2693 851 2747 decoquant
882 2694 1235 2750 PLQVSTF
1263 2695 1278 2749 ΙΙ
1316 2698 1369 2735 14
1407 2692 1665 2736 MIRTINO
1709 2694 1762 2736 E
1787 2695 1804 2753 ΙΙ

124 2756 177 2794 15
223 2753 422 2807 myrtete
464 2751 526 2807 G,
574 2754 825 2807 myrtetum
856 2753 907 2794 Ε
948 2755 962 2809 ΙΙ
1011 2757 1064 2796 16
1110 2752 1258 2795 mittis
1306 2766 1454 2796 omnes
1507 2754 1522 2808 ΙΙ
1571 2758 1624 2795 17
1671 2752 1799 2795 mirti

123 2809 296 2866 (myrti)
325 2811 529 2867 Giacqs
556 2812 562 2867 Ι
591 2810 813 2854 sextarios
839 2811 1021 2856 urbicos
1046 2814 1138 2855 tres
1165 2825 1246 2855 om.
1266 2825 1302 2866 p
1325 2814 1339 2868 ΙΙ
1366 2816 1419 2854 18
1451 2811 1618 2854 mirtae
1641 2812 1800 2869 granis

123 2882 203 2912 om.
236 2884 290 2925 p,
330 2869 471 2925 myrti
504 2871 658 2925 prael).
689 2870 891 2927 Gt'acqs
913 2873 927 2927 ΙΙ
954 2876 1006 2914 19
1043 2870 1232 2915 bacchis
1261 2884 1347 2926 pro
1380 2870 1555 2913 evolabis
1583 2886 1618 2926 p
1645 2873 1651 2929 Ι
1681 2886 1800 2914 scru-

121 2928 284 2984 pulum
315 2929 523 2986 Eiacqs
546 2931 561 2985 ΙΙ
586 2934 640 2971 20
672 2928 821 2972 mittis
853 2943 1001 2974 omnes

1477 3006 1535 3049 5*
