2072 3145
66 950 108 980 10

64 1320 105 1351 15

61 1689 102 1720 20

60 2058 101 2090 25

800 142 994 187 AGRIC.
1020 143 1106 185 ΧΠ
1132 147 1155 186 7
1710 143 1816 196 241

137 264 335 317 caduca
385 267 439 316 et
490 264 850 316 uermiculosa
898 267 1201 316 nascantur.
1291 263 1635 332 extirpandae
1693 269 1819 317 sunt

137 338 353 390 suboles
395 356 426 389 a
464 337 641 390 radice
681 338 918 406 exceptis
960 338 1284 390 rectioribus
1295 381 1309 407 ,
1349 356 1482 406 quae
1526 339 1815 407 seruabun-

135 416 227 464 tur
267 411 332 464 ad
370 411 601 480 plantas.
677 411 726 463 si
763 412 1021 481 languida
1058 412 1218 479 pruni
1258 412 1418 464 arbor
1461 416 1556 480 est,
1597 431 1816 465 amurca

136 503 259 537 cum
309 504 447 554 aqua
498 485 794 554 aequaliter
845 489 1147 554 temperata
1205 486 1476 538 radicibus
1529 487 1689 539 debet
1739 487 1816 538 in-

135 560 286 611 fundi
325 559 414 611 uel
452 559 716 611 bubulum
754 559 947 611 lotium
989 560 1163 611 solum
1202 560 1290 611 uel
1329 560 1624 612 humanum
1656 565 1813 613 uetus

136 651 258 685 cum
309 634 515 686 duabus
569 652 737 701 aquae
787 635 1036 701 partibus
1085 634 1316 685 mixtum
1362 635 1449 685 uel
1498 635 1701 687 cineres
1751 654 1814 687 ex

134 707 290 759 forno
332 711 426 759 aut
466 707 696 759 maxime
738 711 1148 759 sarmentorum.
1227 709 1272 759 si
1311 726 1473 775 poma
1512 709 1812 778 decurrant,
1835 709 1901 761 15

135 780 356 833 oleastri
395 782 640 849 epiurum
678 782 982 834 terebratae
1014 782 1178 851 infige
1213 782 1393 834 radici.
1456 800 1664 834 uermes
1699 783 1811 835 eius

136 858 298 923 atque
338 856 605 923 formicaS,
645 856 859 907 rubrica
900 875 1020 908 cum
1052 854 1169 924 pice
1209 855 1414 924 liquida
1448 855 1495 907 si
1528 856 1811 925 adlinatur,

133 929 436 999 extinguet,
485 930 576 982 sed
624 930 919 981 modestius
965 934 1189 998 propter
1229 930 1437 981 arboris
1479 948 1698 999 noxam,
1745 949 1812 983 116

132 1003 275 1055 idem
321 1003 487 1056 faciat
534 1004 853 1071 remedium,
901 1004 1042 1072 quod
1089 1022 1368 1056 uenenum.
1447 1004 1666 1056 iuuatur
1712 1004 1813 1056 fre-

133 1077 320 1145 quenti
358 1096 543 1129 umore
585 1081 639 1129 et
679 1078 900 1129 adsidua
939 1077 1189 1130 fossione.
1268 1096 1450 1129 mense
1491 1079 1686 1130 martio
1728 1097 1814 1130 ex-

132 1155 306 1203 tremo
368 1170 570 1220 prunus
633 1152 890 1203 inseritur
956 1152 1146 1204 melius
1211 1155 1401 1204 trunco
1464 1152 1592 1204 fisso
1649 1171 1811 1220 quam

133 1226 330 1278 cortice
378 1225 465 1277 uel
511 1244 692 1277 mense
740 1226 1005 1294 ianuario,
1053 1229 1340 1294 antequam
1388 1225 1613 1294 incipiat
1662 1244 1811 1296 gum-

133 1299 273 1351 mine
314 1299 610 1352 lacrimare.
687 1300 945 1351 inseritur
991 1300 1048 1350 in
1095 1319 1150 1351 se
1201 1303 1254 1351 et
1300 1300 1570 1368 persicum
1617 1301 1812 1368 recipit

130 1373 217 1424 uel
250 1374 595 1442 amygdalum
628 1373 712 1425 uel
746 1374 963 1436 malum,
1005 1374 1095 1425 sed
1137 1392 1255 1425 eam
1288 1374 1604 1442 degenerem
1635 1374 1811 1426 reddit

130 1450 184 1498 et
223 1465 461 1515 paruam.
539 1466 712 1515 pruna
753 1447 1023 1499 siccantur
1061 1448 1118 1498 in
1159 1449 1270 1499 sole
1318 1466 1414 1515 per
1461 1451 1635 1500 crates
1686 1449 1807 1500 loco

130 1520 351 1573 sicciore
392 1520 670 1588 disposita.
732 1520 864 1573 haec
906 1525 1046 1588 sunt,
1088 1539 1224 1589 quae
1265 1522 1584 1573 damascena
1624 1522 1894 1574 dicun-16

128 1596 231 1646 tur.
286 1593 380 1646 alii
410 1594 466 1646 in
500 1613 639 1663 aqua
671 1594 880 1646 marina
917 1596 1005 1646 uel
1044 1595 1100 1646 in
1142 1595 1315 1646 muria
1346 1595 1590 1648 feruente
1623 1614 1806 1648 recens

127 1668 268 1720 lecta
306 1687 479 1736 pruna
519 1669 837 1738 demergunt
885 1673 938 1720 et
985 1669 1105 1720 inde
1153 1669 1368 1721 sublata
1417 1673 1510 1720 aut
1556 1670 1613 1721 in
1652 1669 1808 1722 forno

128 1742 309 1811 tepido
350 1742 556 1794 faciunt
597 1747 690 1794 aut
729 1743 786 1793 in
826 1743 936 1794 sole
979 1742 1183 1794 siccari.

239 1815 503 1868 Castanea
551 1817 748 1868 seritur
797 1820 850 1868 et
897 1816 1119 1884 plantiS,
1168 1835 1302 1884 quae
1352 1820 1544 1884 sponte
1583 1818 1894 1869 nascun-17

126 1892 237 1957 tur,
286 1893 339 1941 et
388 1890 604 1942 semine.
681 1890 773 1942 sed
821 1908 957 1958 quae
1002 1889 1203 1958 plantis
1254 1891 1464 1958 seritur,
1518 1891 1598 1942 ita
1646 1909 1808 1961 aegra

127 1966 224 2032 est,
264 1967 324 2014 ut
363 1964 579 2015 biennio
621 1965 684 2016 de
725 1964 837 2016 eius
879 1964 995 2015 uita
1036 1982 1193 2032 saepe
1229 1964 1520 2016 dubitetur.
1585 1966 1808 2017 serenda

127 2040 210 2088 est
242 2055 370 2106 ergo
411 2038 544 2105 ipsis
580 2038 860 2106 castaneiS,
900 2038 1003 2090 hoc
1033 2041 1115 2089 est
1147 2039 1442 2090 seminibus
1478 2038 1589 2090 suis
1623 2057 1806 2091 mense

123 2111 407 2163 nouembri
443 2115 497 2163 et
529 2112 813 2179 decembri,
852 2111 984 2163 item
1015 2111 1301 2164 februario.
1366 2112 1642 2181 eligendae
1677 2117 1807 2165 sunt

244 2290 268 2327 2
303 2285 483 2329 soboles
516 2286 566 2329 E
586 2289 600 2342 ΙΙ
625 2291 649 2328 3
684 2286 821 2329 arbor
851 2285 989 2342 pruni
1012 2287 1062 2329 E
1083 2289 1097 2342 ΙΙ
1122 2291 1145 2329 5
1181 2290 1355 2329 stercus
1387 2286 1617 2329 bubulum
1641 2302 1677 2342 p
1705 2290 1710 2343 1
1739 2288 1804 2330 lo-

125 2346 226 2386 tum
261 2344 322 2398 G,
355 2345 526 2388 locium
556 2347 575 2387 i
621 2348 634 2401 Η
683 2350 707 2388 6
739 2345 950 2401 partibus
985 2359 1133 2401 aquae
1166 2345 1257 2389 SE
1294 2348 1307 2401 11
1349 2351 1371 2388 7
1412 2346 1546 2388 furno
1587 2346 1806 2389 VS2TE

125 2404 278 2459 iacys
302 2409 343 2448 et
364 2405 430 2447 sic
451 2406 634 2460 saepius
663 2407 667 2459 Ι
698 2407 779 2447 aut
796 2418 876 2448 om.
899 2419 1000 2461 693,
1035 2407 1082 2448 et
1103 2418 1223 2447 max.
1250 2405 1348 2447 hab.
1368 2406 1386 2446 z·
1409 2407 1422 2460 ΙΙ
1448 2408 1472 2446 8
1499 2404 1727 2448 oleastrae
1745 2407 1801 2461 L,

127 2461 326 2504 oleaster
368 2465 416 2506 et
457 2464 507 2506 E
562 2465 567 2518 Ι
626 2463 804 2519 epirum
836 2463 1072 2519 PSGFi,
1123 2478 1314 2519 epyrum
1353 2464 1403 2518 V,
1447 2462 1598 2518 pirum
1631 2465 1734 2507 LE
1745 2466 1800 2520 T,

126 2534 322 2563 cuneum
353 2536 382 2564 α
410 2525 415 2577 1
443 2521 574 2579 infigi
606 2523 656 2565 E
677 2525 690 2578 Η
716 2528 739 2565 9
775 2521 1029 2566 adliniatur
1061 2523 1110 2566 E
1142 2525 1155 2578 Η
1192 2527 1246 2564 14
1279 2521 1509 2578 incipiant
1540 2522 1576 2566 S
1587 2522 1602 2546 2
1638 2523 1642 2580 Ι
1671 2538 1802 2579 gum-

123 2592 228 2622 mae
260 2580 327 2635 Sl,
361 2594 545 2636 gumme
576 2582 644 2637 E,
678 2595 847 2638 gumen
879 2582 1081 2639 Piacqs
1116 2584 1129 2637 11
1171 2587 1220 2623 15
1252 2580 1443 2624 lacrime
1474 2582 1524 2624 E
1549 2582 1553 2638 Ι
1582 2581 1802 2624 inseritur

126 2641 282 2681 autem
319 2640 360 2682 T
383 2641 387 2695 Ι
414 2639 463 2682 111
493 2640 671 2696 persico
706 2643 752 2683 et
785 2641 1030 2696 amygdalo
1071 2643 1117 2683 et
1156 2639 1278 2682 malo
1306 2655 1340 2695 p
1375 2643 1389 2696 Η
1427 2645 1479 2682 16
1514 2640 1801 2697 amigdalum

132 2697 219 2742 VS
239 2700 252 2754 ΙΙ
280 2702 332 2740 18
359 2698 539 2741 sicciori
563 2700 612 2742 E
637 2703 642 2754 1
673 2699 922 2755 dispositas
950 2700 1004 2755 G,
1038 2698 1250 2755 deposita
1274 2701 1291 2741 z·
1315 2702 1328 2754 Η
1356 2704 1407 2741 19
1434 2701 1486 2741 ut
1503 2714 1589 2754 pro
1614 2699 1691 2742 uel
1716 2700 1767 2743 F
1790 2701 1794 2758 1

123 2755 172 2798 111
195 2756 347 2799 muria
371 2771 451 2801 om.
472 2758 530 2812 F,
565 2758 650 2815 [in]
675 2758 825 2801 muria
848 2760 947 2802 hab.
966 2773 1066 2816 098,
1101 2772 1223 2812 aqua
1241 2772 1327 2813 pro
1351 2757 1502 2800 muria
1512 2773 1548 2813 p
1568 2759 1572 2816 1
1594 2758 1799 2802 recentia

123 2815 183 2870 Ε,
208 2819 416 2859 recenter
440 2831 468 2859 α
491 2819 506 2873 ΙΙ
531 2821 586 2859 20
609 2817 732 2860 lecta
757 2832 838 2860 om.
864 2818 914 2860 E
935 2820 948 2874 Η
974 2823 1025 2861 21
1058 2820 1139 2860 aut
1164 2816 1257 2859 sole
1283 2817 1325 2859 L
1354 2818 1358 2873 Ι
1388 2816 1561 2860 siccare
1593 2818 1770 2861 V1S1E
1783 2819 1799 2882 Η

125 2878 180 2916 22
213 2874 281 2917 De
313 2875 542 2918 Castanea
574 2877 843 2932 (castanea)
875 2878 959 2920 ins.
994 2878 1082 2920 iac
1132 2878 1136 2933 Ι
1186 2878 1438 2918 nascantur
1476 2877 1543 2931 F,
1588 2891 1670 2920 om.
1705 2877 1754 2920 E
1782 2880 1796 2936 Η

125 2937 179 2975 25
213 2947 321 2989 ergo
354 2948 435 2977 om.
473 2935 515 2978 G
542 2935 547 2992 Ι
577 2934 807 2978 castaneis
839 2935 932 2978 suis
959 2951 993 2992 p
1021 2938 1025 2993 Ι
1053 2949 1209 2978 mense
1241 2949 1323 2978 om.
1350 2949 1386 2990 p

210 3016 442 3048 PALLAmvs
469 3017 525 3049 ed,
551 3018 763 3050 Schmitt.
1478 3013 1531 3052 16
