2072 3145
769 144 965 188 AGRIC.
990 146 1053 188 XI
1077 150 1249 189 14-19
1749 147 1855 200 229

172 282 344 335 gypso
392 264 681 334 diligenter
726 265 955 318 includis
1004 270 1058 318 et
1107 268 1172 319 ad
1220 270 1553 320 uetustatem
1592 286 1850 321 reseruas.

171 339 364 392 melius
404 341 604 406 tamen,
642 339 689 391 si
719 339 777 391 in
808 340 1019 392 minora
1051 345 1104 392 et
1136 342 1318 409 picata
1348 340 1570 406 uascula
1601 342 1848 410 proximo
1891 344 1923 395 3

170 431 296 466 uere
343 413 692 465 transfundas
742 416 796 465 et
842 417 1074 483 gypsata
1121 415 1409 486 diligenter
1451 415 1660 484 operias
1702 419 1756 468 et
1793 417 1852 468 in

174 490 386 539 terrena
432 490 485 539 et
533 486 731 557 frigida
779 487 914 540 cella
961 490 1221 541 recondas
1269 490 1356 542 uel
1405 489 1580 542 arenis
1626 490 1856 542 fluuiali-

125 571 146 604 5
169 561 271 613 bus
306 561 394 613 uel
428 561 614 614 eodem
642 561 756 614 solo
781 562 1003 615 uascula
1028 581 1089 615 ex
1117 563 1299 632 aliqua
1322 567 1475 633 parte
1503 582 1855 634 summergaS.

168 635 272 688 hoc
311 635 460 687 nulla
499 635 726 687 uitiatur
765 639 958 704 aetate,
999 637 1043 688 si
1084 640 1197 689 tam
1239 637 1527 708 diligenter
1566 638 1818 691 effeceris.

429 841 527 894 DE
568 841 939 911 DEFRVTO,
981 841 1355 915 OAROENO,
1398 843 1600 898 SAPA.
1679 912 1683 917 Ι

282 945 439 998 Nunc
486 946 778 1014 defrutum,
835 965 1143 1016 caroenum,
1199 967 1386 1017 sapam
1435 949 1698 1002 conficies,
1753 948 1943 1002 XVIII

171 1038 292 1072 cum
333 1020 514 1072 omnia
551 1039 657 1073 uno
699 1038 893 1090 genere
934 1022 1287 1074 conficiantur
1328 1042 1392 1075 ex
1425 1026 1620 1090 musto,
1660 1023 1852 1075 modus

102 1106 144 1138 10
168 1093 254 1146 his
304 1098 357 1146 et
404 1093 663 1147 uirtutem
711 1095 947 1147 mutabit
994 1099 1048 1148 et
1094 1096 1328 1148 nomina.
1404 1116 1533 1148 nam
1581 1096 1854 1149 defrutum

170 1186 201 1220 a
248 1168 571 1220 deferuendo
621 1168 848 1236 dictum,
903 1170 998 1221 ubi
1054 1170 1119 1222 ad
1174 1169 1582 1239 spissitudinem
1635 1170 1854 1223 fortiter

169 1242 526 1312 despumarit,
573 1242 823 1295 effectum
864 1246 966 1312 est,
1016 1262 1324 1314 caroenum,
1374 1264 1495 1297 cum
1536 1244 1701 1296 tertia
1738 1263 1854 1313 per-

169 1314 462 1368 dita‘duae
510 1320 693 1384 partes
745 1318 1126 1387 remanserint,
1184 1338 1334 1388 sapa,
1389 1319 1483 1371 ubi
1539 1319 1604 1370 ad
1657 1318 1849 1370 tertias
1889 1319 1923 1372 2

168 1390 387 1442 redacta
443 1391 801 1443 descenderit:
869 1410 1029 1460 quam
1084 1395 1268 1444 tamen
1322 1392 1600 1445 meliorem
1654 1391 1856 1445 facient

102 1475 145 1509 15
171 1465 408 1533 cydonea
457 1464 617 1516 simul
666 1468 818 1517 cocta
867 1469 920 1517 et
968 1466 1082 1535 igni
1132 1467 1415 1535 subposita
1453 1467 1603 1536 ligna
1643 1467 1855 1519 ficulna.

820 1671 917 1723 DE
960 1672 1201 1725 PASSO.

278 1775 507 1827 Passum
537 1793 679 1827 nunc
706 1775 800 1826 fiet
826 1779 947 1827 ante
973 1777 1315 1845 uindemiam,
1349 1778 1491 1846 quod
1517 1777 1682 1830 africa
1728 1776 1944 1831 XVIIII

170 1849 350 1901 sueuit
395 1848 649 1901 uniuersa
698 1849 966 1902 conficere·
998 1850 1196 1921 pingue
1238 1855 1399 1919 atque
1440 1852 1752 1905 iucundum:
1802 1856 1854 1904 et

170 1941 276 1991 quo
324 1923 390 1975 ad
440 1923 714 1975 conditum
764 1922 811 1975 si
849 1923 1019 1976 utaris
1060 1925 1235 1978 mellis
1276 1926 1415 1994 uice,
1463 1926 1528 1978 ab
1575 1924 1853 1978 inflatione

102 2015 144 2046 20
168 2000 221 2049 te
269 1995 524 2050 uindices
602 1997 859 2066 leguntur
906 2016 1034 2067 ergo
1083 2018 1220 2052 uuae
1263 2018 1450 2069 passae
1492 2019 1653 2068 quam
1691 2000 1854 2068 pluri-

169 2089 287 2124 mae
344 2075 396 2123 et
450 2070 507 2124 in
561 2070 778 2124 fiscellis
837 2071 1049 2124 clausae
1097 2073 1255 2127 iunco
1303 2073 1462 2126 factis
1512 2074 1851 2142 aliquatenus

168 2149 371 2197 rariore
436 2148 692 2198 contextu
755 2145 928 2215 uirgis
982 2147 1157 2215 primo
1214 2147 1430 2200 fortiter
1484 2149 1851 2200 uerberantur.

169 2218 357 2271 deinde
404 2220 499 2271 ubi
546 2238 776 2271 uuarum
823 2239 1015 2287 corpus
1064 2221 1146 2273 uis
1197 2222 1529 2274 contusionis
1576 2222 1902 2290 exoluerit,2

169 2363 248 2379 απτ
261 2366 266 2370 -
278 2377 280 2379 ,
292 2365 340 2379 ’,1.
355 2365 395 2372 ’“·-
495 2371 498 2374 ›

261 2414 282 2450 1
331 2410 669 2452 et—reseruas
710 2423 779 2452 om
815 2423 850 2464 p
903 2412 916 2464 ΙΙ
972 2414 996 2451 3
1039 2409 1326 2453 transfundis
1359 2411 1408 2453 E
1463 2413 1466 2465 Ι
1527 2410 1704 2466 operies
1744 2411 1801 2454 Vi
1839 2411 1854 2469 Η

168 2473 196 2510 4
228 2467 305 2510 uel
339 2467 489 2510 arenis
523 2481 591 2511 om
626 2468 676 2510 E
715 2470 728 2523 Η
778 2472 801 2510 6
837 2470 984 2511 estate
1017 2468 1066 2511 E
1107 2473 1111 2521 Ι
1155 2471 1313 2512 tamen
1340 2483 1426 2524 pro
1457 2472 1555 2512 tam
1580 2485 1616 2525 p
1629 2484 1660 2513 s.
1707 2472 1711 2525 ἱ
1756 2469 1853 2512 effi-

169 2526 284 2569 ceris
318 2527 367 2569 E
403 2529 417 2583 ΙΙ
457 2532 479 2569 7
514 2526 775 2570 DEFRITO
811 2528 903 2569 PL
923 2528 1116 2571 VGSE
1157 2528 1162 2586 Ι
1207 2527 1493 2572 CAROENA
1518 2530 1573 2584 L,
1608 2527 1850 2572 CARENO

175 2586 226 2639 V,
262 2585 452 2628 calocno
486 2586 503 2627 z'
548 2588 561 2640 ΙΙ
599 2591 634 2628 -8
662 2585 882 2628 defritum
908 2587 1270 2631 PLGVSEF
1307 2589 1312 2645 Ι
1356 2587 1598 2631 caloenum
1630 2589 1647 2630 z·
1689 2589 1694 2645 1
1739 2601 1853 2643 sapa

168 2645 218 2687 E
261 2647 275 2700 ΙΙ
325 2649 378 2687 10
412 2643 630 2687 defritum
664 2645 973 2688 PGVSEF
1015 2648 1028 2701 Η
1078 2651 1130 2688 12
1166 2646 1443 2703 dispumarit
1476 2647 1540 2702 F,
1576 2647 1850 2703 despumau-

169 2703 258 2747 erit
285 2704 543 2760 TEz'acqs
571 2706 576 2758 Ι
606 2703 847 2747 caloenum
872 2706 890 2746 <i
913 2708 926 2759 ΙΙ
953 2709 1005 2747 13
1031 2705 1337 2748 remanserint
1355 2720 1440 2761 pro
1467 2705 1759 2748 descenderit
1775 2705 1852 2764 ΕΗ

169 2768 225 2806 15
267 2762 463 2806 cidonea
496 2763 659 2818 SEF,
701 2762 886 2805 cidonia
923 2764 980 2819 T,
1023 2764 1221 2820 cydonia
1257 2765 1459 2822 Giacys
1488 2766 1492 2820 Ι
1520 2764 1720 2808 ficulnea
1750 2765 1852 2808 EG

170 2836 296 2879 acys
327 2824 340 2878 ΙΙ
375 2826 427 2864 17
460 2836 581 2864 nunc
622 2836 703 2865 om.
739 2822 852 2865 S¹E
880 2824 894 2878 Η
934 2828 987 2866 18
1030 2823 1271 2866 consueuit
1302 2825 1351 2866 E
1392 2826 1396 2880 Ι
1441 2826 1486 2866 εὴ
1527 2837 1673 2880 aequo
1713 2825 1764 2879 V,
1805 2826 1852 2867 et

170 2881 294 2935 quod
327 2880 388 2923 ad
420 2881 486 2935 Ε,
522 2883 568 2923 εὴ
601 2881 717 2923 eoad
743 2881 808 2935 F⁷
851 2883 897 2923 et
929 2883 1083 2936 quoad
1115 2884 1170 2926 ia
1229 2887 1233 2937 1
1292 2882 1638 2926 et—conditum
1671 2897 1751 2928 om.
1779 2898 1815 2939 p
1838 2883 1851 2941 {l

171 2944 225 2982 23
260 2938 575 2983 contunsionis
609 2940 669 2994 Ε,
704 2939 986 2983 confusionis
1020 2943 1048 2984 τ’.
