2014 3169
203 105 271 157 88
319 78 323 81 ’
902 105 1183 148 PALLADH

206 227 354 279 omni
403 228 563 280 scobe
610 226 779 277 uitem
826 226 914 277 uel
961 244 1174 277 ramum
1221 227 1286 278 ad
1334 227 1552 278 modum
1599 226 1882 280 foraminis

202 301 434 370 inpressi
468 301 808 366 delibratum⁷
841 300 1082 352 sucidum
1108 303 1292 352 tamen
1319 303 1372 351 et
1396 305 1670 354 umentem
1695 301 1882 354 stricte

201 376 424 444 inprimi
471 393 577 426 una
624 377 716 425 aut
764 374 970 425 duabus
1019 374 1247 443 gemmis
1289 373 1422 426 foris
1462 375 1676 427 relictis.
1753 379 1878 427 tunc

204 449 399 520 argilla
437 452 491 501 et
522 466 706 502 musco
739 447 919 500 locum
952 447 1239 517 diligenter
1273 447 1485 516 operiri.
1546 449 1625 500 ita
1658 452 1711 501 et
1742 448 1877 501 uites

131 528 163 579 8
205 525 262 576 in
307 525 455 576 ulmo
503 522 670 574 inseri
715 540 872 590 posse
929 522 1258 574 commissas,
1336 521 1610 589 Hispanus
1666 523 1881 591 quidam
1927 541 1948 574 5

207 598 342 650 mihi
380 597 484 650 hoc
525 615 693 666 genus
732 613 904 648 nouae
943 595 1217 648 insitionis
1260 596 1510 648 ostendit.
1574 616 1637 648 ex
1676 597 1879 665 persico

207 692 262 724 se
305 672 587 724 adserebat
628 674 923 738 expertum.
988 670 1166 721 salicis
1208 689 1418 721 ramum
1452 671 1662 722 brachii
1695 670 1882 723 crassi-

206 747 416 814 tudine,
465 745 721 810 solidum,
764 745 990 813 longum
1031 743 1225 795 cubitis
1269 744 1476 796 duobus
1517 748 1610 796 aut
1650 745 1882 813 amplius

206 820 472 874 terebrari
511 818 673 871 iussit
713 818 770 869 in
809 817 984 869 medio
1026 821 1080 869 et
1111 817 1353 885 plantam
1386 818 1580 885 persici
1611 819 1669 870 in
1699 820 1884 871 eodem

205 896 343 962 1000,
386 893 444 946 111
482 912 587 962 quo
629 892 894 958 consistit,
944 892 1230 958 spoliatam
1272 892 1436 943 ramis
1478 893 1727 944 omnibus
1767 893 1882 945 solo
1909 912 1952 944 1ο

209 970 384 1037 capite
436 968 627 1020 relicto
682 985 778 1034 per
831 965 1011 1034 ipsum
1065 965 1264 1035 saligni
1318 966 1589 1018 manubrii
1642 966 1885 1019 foramen

205 1042 407 1096 induci:
448 1046 577 1094 tunc
611 1041 837 1092 eundem
871 1040 1050 1092 salicis
1083 1059 1291 1091 ramum
1326 1045 1502 1092 terrae
1537 1040 1710 1108 capite
1741 1044 1886 1092 utro-

208 1137 309 1186 que
367 1117 610 1169 demerso
659 1114 716 1166 in
763 1132 915 1165 arcus
964 1113 1373 1166 similitudinem
1421 1115 1611 1166 debere
1660 1113 1888 1184 curuari‚

205 1193 451 1244 foramen
495 1191 637 1257 luto,
691 1206 900 1256 11111800,
955 1188 1186 1239 1111ιο11118
1235 1188 1452 1258 stringi:
1509 1207 1647 1240 anno
1700 1189 1887 1241 deinde

210 1269 483 1334 exempto,
529 1264 622 1316 ubi
672 1263 812 1314 infra
859 1263 1150 1313 medullam
1189 1263 1368 1314 salicis
1409 1267 1572 1331 caput
1609 1263 1886 1331 plantulae
1912 1282 1955 1315 15

210 1341 286 1393 sic
328 1338 644 1405 cohaeserit,
683 1340 744 1388 ut
782 1337 961 1388 unitas
1005 1336 1076 1388 sit
1117 1355 1181 1388 ex
1213 1337 1420 1388 duobus
1454 1336 1625 1388 mixta
1657 1337 1890 1405 corpori-

207 1415 326 1482 bus,
364 1414 606 1483 plantam
649 1412 834 1463 subter
872 1411 1037 1463 incidi
1079 1414 1239 1478 atque
1280 1411 1563 1463 transferri
1604 1414 1657 1463 et
1701 1409 1890 1481 aggeri

209 1493 428 1554 terram,
462 1504 597 1555 quae
631 1505 814 1538 arcum
842 1484 1021 1536 salicis
1048 1503 1169 1537 cum
1194 1485 1390 1553 persici
1416 1486 1690 1537 cacumine
1715 1485 1891 1553 possit

211 1562 440 1632 operire:
496 1561 621 1612 hinc
674 1559 871 1628 persici
923 1577 1085 1641 poma
1133 1558 1246 1610 sine
1303 1560 1514 1611 ossibus
1570 1560 1742 1612 nasci:
1797 1560 1890 1611 sed

207 1638 313 1690 hoc
351 1636 484 1688 locis
525 1634 723 1687 umidis
765 1633 1050 1686 conuenire
1090 1633 1177 1684 uel
1217 1632 1387 1702 riguis
1422 1637 1475 1685 et
1509 1633 1697 1685 salices
1733 1652 1890 1702 aqua·
1916 1655 1959 1687 20

208 1711 450 1764 tionibus
491 1709 843 1775 adiuuandas⁷
889 1711 952 1758 ut
996 1711 1049 1759 et
1087 1710 1284 1758 natura
1323 1708 1459 1777 ligni
1497 1707 1704 1777 uigeat,
1754 1726 1889 1776 quae

207 1786 509 1838 delectatur
555 1801 763 1850 umore,
813 1751 867 1833 e⁷t
912 1781 1331 1850 superfluentem
1373 1782 1583 1850 copiam
1623 1782 1736 1834 suci
1777 1799 1891 1852 ger-

206 1859 443 1912 minibus
485 1858 759 1909 ministret
799 1855 1003 1907 alienis.

521 2049 617 2101 DE
659 2047 1184 2101 INSTITVENDIS
1227 2047 1579 2101 OLIVETIS.

117 2156 308 2210 XVIII
421 2154 541 2207 Hoc
574 2172 754 2205 mense
786 2153 919 2205 locis
954 2154 1268 2221 temperatis
1302 2153 1648 2204 instituemus
1675 2154 1889 2222 oliueta‚
1914 2174 1957 2207 25

212 2249 347 2299 quae
387 2229 474 2281 uel
513 2227 743 2297 pastinis
786 2228 1112 2279 conserenda
1152 2231 1299 2295 sunt7
1343 2230 1403 2278 ut
1444 2230 1710 2279 extremas
1753 2228 1894 2281 circa

331 2380 352 2417 1
389 2374 547 2417 scrobe
602 2373 840 2430 QFEac,
890 2372 1021 2415 soide
1070 2372 1113 2414 V
1153 2374 1166 2428 ΙΙ
1214 2377 1238 2414 2
1288 2371 1597 2415 delibetatum
1645 2372 1687 2416 G
1736 2374 1741 2430 Ι
1794 2373 1893 2416 suci

211 2435 322 2477 dum
355 2434 447 2490 ΡΟ
475 2435 479 2489 Ι
508 2435 697 2476 umente
734 2433 770 2489 Q
794 2434 807 2488 ΙΙ
831 2437 858 2474 4
891 2431 1017 2487 operi
1050 2432 1099 2474 E
1120 2433 1133 2486 ΙΙ
1159 2436 1183 2474 5
1219 2431 1470 2474 conmissas
1505 2446 1585 2475 om.
1608 2446 1662 2487 Ρ,
1696 2433 1801 2476 incl.
1826 2447 1848 2476 8
1884 2432 1892 2491 Ι

209 2493 289 2537 DE
308 2492 555 2536 PERSICO
575 2493 659 2535 ins.
686 2493 735 2535 E
757 2495 770 2548 ΙΙ
797 2498 820 2534 6
838 2490 954 2533 mihi
981 2505 1061 2534 om.
1086 2492 1127 2534 G
1155 2492 1159 2548 Ι
1188 2491 1275 2534 hoc
1293 2504 1437 2547 genus
1455 2490 1571 2533 mihi
1588 2491 1638 2533 E
1655 2491 1660 2550 Ι
1681 2491 1832 2535 bonae
1844 2506 1892 2547 Ρ,

211 2567 292 2597 om.
325 2552 393 2596 Gi
421 2554 425 2607 Ι
455 2555 501 2595 01
534 2566 588 2595 ex
619 2551 798 2608 peisico
838 2552 885 2605 T,
920 2550 1044 2604 quod
1078 2564 1132 2592 ex
1163 2564 1280 2606 pers.
1307 2564 1349 2603 8,
1384 2550 1548 2608 [quod]
1582 2563 1636 2592 ex
1667 2563 1785 2606 pers
1817 2566 1847 2608 9
1877 2550 1895 2609 ΙΙ

215 2617 237 2655 7
273 2611 510 2654 asserebat
551 2625 597 2654 se
638 2612 686 2654 E
722 2611 809 2654 hoc
848 2624 990 2664 §upra
1031 2611 1203 2653 01110οΐ0
1249 2612 1262 2665 ΙΙ
1311 2615 1364 2652 14
1405 2623 1514 2653 11010
1550 2623 1636 2664 pro
1667 2609 1767 2652 luto
1800 2611 1850 2653 E
1882 2610 1889 2668 Ι

213 2670 409 2727 astringi
427 2672 475 2714 L
498 2673 510 2725 ΙΙ
538 2676 590 2713 15
611 2673 772 2713 exacto
786 2685 820 2725 Ρ
849 2672 853 2725 Ι
881 2669 1047 2725 planta
1067 2683 1119 2711 ac
1141 2670 1191 2725 Q,
1217 2669 1407 2725 plantae
1427 2669 1475 2711 Ι
1480 2670 1634 2725 17010918
1658 2671 1671 2724 ΙΙ
1698 2674 1751 2711 16
1770 2668 1893 2713 81000

211 2730 415 2774 haeserit
448 2731 661 2786 PLQV,
696 2729 816 2772 sicco
849 2727 1055 2770 heserint
1091 2728 1153 2780 G,
1180 2728 1300 2770 81000
1334 2728 1506 2770 heresit
1545 2729 1583 2771 T
1618 2729 1622 2784 Ι
1651 2727 1785 2770 unita
1816 2728 1852 2771 S
1878 2728 1895 2787 ΙΙ

214 2796 266 2832 17
300 2789 445 2832 indici
477 2791 519 2832 L
548 2790 553 2846 Ι
584 2788 799 2845 aggerari
831 2802 981 2843 101098
1005 2790 1018 2842 ΙΙ
1045 2792 1098 2829 20
1132 2786 1318 2844 iriiguis
1354 2788 1393 2828 1
1400 2789 1485 2843 ΕΡ
1520 2788 1525 2844 Ι
1562 2786 1893 2841 aquationibus

213 2848 475 2903 conuenire,
508 2851 556 2891 vt
575 2863 610 2904 Ρ
633 2852 647 2904 ΙΙ
673 2853 724 2890 21
754 2850 800 2890 01
824 2861 904 2912 0111.
926 2847 974 2888 Ε
1001 2849 1004 2903 Ι
1034 2846 1189 2889 uiccat
1214 2847 1320 2899 PL,
1354 2846 1514 2889 uincat
1539 2847 1589 2900 V,
1614 2844 1716 2888 uice
1742 2859 1893 2901 aquae

214 2908 316 2951 (1010
323 2910 472 2950 otetur
494 2908 573 2963 Gp
597 2910 611 2963 ΙΙ
636 2912 690 2949 22
716 2905 884 2963 persici
905 2920 989 2960 Ρνο
1008 2905 1151 2961 81101Ρ
1172 2906 1176 2963 Ι
1198 2882 1522 2962 graminibus
1506 2922 1521 2948 ι
1545 2908 1559 2962 ΙΙ
1584 2909 1638 2947 26
1657 2905 1733 2948 uel
1751 2919 1832 2949 om.
1856 2905 1900 2949 V
