<?xml version="1.0" encoding="UTF-8"?>
<!DOCTYPE html PUBLIC "-//W3C//DTD XHTML 1.0 Transitional//EN"
    "http://www.w3.org/TR/xhtml1/DTD/xhtml1-transitional.dtd">
<html xmlns="http://www.w3.org/1999/xhtml" xml:lang="en" lang="en">
 <head>
  <title>
</title>
<meta http-equiv="Content-Type" content="text/html;charset=utf-8" />
  <meta name='ocr-system' content='tesseract 3.04.00' />
  <meta name='ocr-capabilities' content='ocr_page ocr_carea ocr_par ocr_line ocrx_word'/>
</head>
<body>
  <div class='ocr_page' id='page_1' title='image "./palladiirvtiliit00palluoft_0080.png"; bbox 0 0 2014 3169; ppageno 0'>
   <div class='ocr_carea' id='block_1_1' title="bbox 195 99 1175 151">
    <p class='ocr_par' dir='ltr' id='par_1_1' title="bbox 195 99 1175 151">
     <span class='ocr_line' id='line_1_1' title="bbox 195 99 1175 151; baseline 0.004 -13"><span class='ocrx_word' id='word_1_1' title='bbox 195 100 266 151; x_wconf 80' lang='lat'>60</span> <span class='ocrx_word' id='word_1_2' title='bbox 894 99 1175 142; x_wconf 84' lang='lat' dir='ltr'>PALLADII</span> 
     </span>
    </p>
   </div>
   <div class='ocr_carea' id='block_1_2' title="bbox 194 219 1944 1988">
    <p class='ocr_par' dir='ltr' id='par_1_2' title="bbox 194 219 1944 1988">
     <span class='ocr_line' id='line_1_2' title="bbox 199 219 1875 288; baseline 0 -16"><span class='ocrx_word' id='word_1_3' title='bbox 199 224 356 272; x_wconf 90' lang='lat' dir='ltr'>testa.</span> <span class='ocrx_word' id='word_1_4' title='bbox 426 220 678 272; x_wconf 89' lang='lat' dir='ltr'>candidae</span> <span class='ocrx_word' id='word_1_5' title='bbox 718 220 836 272; x_wconf 91' lang='lat' dir='ltr'>fieri</span> <span class='ocrx_word' id='word_1_6' title='bbox 874 222 1147 288; x_wconf 89' lang='lat' dir='ltr'>putantur,</span> <span class='ocrx_word' id='word_1_7' title='bbox 1189 219 1234 270; x_wconf 90' lang='lat' dir='ltr'>si</span> <span class='ocrx_word' id='word_1_8' title='bbox 1274 219 1510 271; x_wconf 88' lang='lat' dir='ltr'>fluminis</span> <span class='ocrx_word' id='word_1_9' title='bbox 1549 220 1750 272; x_wconf 80' lang='lat' dir='ltr'>harena</span> <span class='ocrx_word' id='word_1_10' title='bbox 1787 221 1875 272; x_wconf 92' lang='lat' dir='ltr'>uel</span> 
     </span>
     <span class='ocr_line' id='line_1_3' title="bbox 195 293 1873 362; baseline 0.001 -17"><span class='ocrx_word' id='word_1_11' title='bbox 195 294 374 346; x_wconf 89' lang='lat' dir='ltr'>litoris</span> <span class='ocrx_word' id='word_1_12' title='bbox 429 294 740 361; x_wconf 84' lang='lat' dir='ltr'>frequenter</span> <span class='ocrx_word' id='word_1_13' title='bbox 795 296 1083 362; x_wconf 70' lang='lat' dir='ltr'>spargatur</span> <span class='ocrx_word' id='word_1_14' title='bbox 1136 293 1193 344; x_wconf 89' lang='lat' dir='ltr'>in</span> <span class='ocrx_word' id='word_1_15' title='bbox 1248 293 1475 361; x_wconf 88' lang='lat' dir='ltr'>medias,</span> <span class='ocrx_word' id='word_1_16' title='bbox 1529 298 1582 345; x_wconf 92' lang='lat' dir='ltr'>et</span> <span class='ocrx_word' id='word_1_17' title='bbox 1635 294 1873 347; x_wconf 70' lang='lat' dir='ltr'>collectis</span> 
     </span>
     <span class='ocr_line' id='line_1_4' title="bbox 197 366 1875 436; baseline 0.001 -17"><span class='ocrx_word' id='word_1_18' title='bbox 197 369 348 436; x_wconf 84' lang='lat' dir='ltr'>ipsae</span> <span class='ocrx_word' id='word_1_19' title='bbox 395 366 542 419; x_wconf 84' lang='lat' dir='ltr'>foliis</span> <span class='ocrx_word' id='word_1_20' title='bbox 584 367 892 436; x_wconf 77' lang='lat' dir='ltr'>alligentur.</span> <span class='ocrx_word' id='word_1_21' title='bbox 956 366 1002 418; x_wconf 91' lang='lat' dir='ltr'>si</span> <span class='ocrx_word' id='word_1_22' title='bbox 1039 366 1177 418; x_wconf 85' lang='lat' dir='ltr'>uitio</span> <span class='ocrx_word' id='word_1_23' title='bbox 1218 367 1325 419; x_wconf 92' lang='grc'>1001</span> <span class='ocrx_word' id='word_1_24' title='bbox 1364 367 1448 418; x_wconf 91' lang='lat' dir='ltr'>uel</span> <span class='ocrx_word' id='word_1_25' title='bbox 1489 366 1747 436; x_wconf 89' lang='lat' dir='ltr'>temporis</span> <span class='ocrx_word' id='word_1_26' title='bbox 1787 369 1875 420; x_wconf 90' lang='lat' dir='ltr'>uel</span> 
     </span>
     <span class='ocr_line' id='line_1_5' title="bbox 199 440 1876 509; baseline 0 -16"><span class='ocrx_word' id='word_1_27' title='bbox 199 441 418 493; x_wconf 90' lang='lat' dir='ltr'>seminis</span> <span class='ocrx_word' id='word_1_28' title='bbox 468 441 575 493; x_wconf 89' lang='lat' dir='ltr'>cito</span> <span class='ocrx_word' id='word_1_29' title='bbox 624 441 836 492; x_wconf 90' lang='lat' dir='ltr'>lactuca</span> <span class='ocrx_word' id='word_1_30' title='bbox 882 440 1139 509; x_wconf 89' lang='lat' dir='ltr'>durescit,</span> <span class='ocrx_word' id='word_1_31' title='bbox 1192 442 1380 508; x_wconf 87' lang='lat' dir='ltr'>planta</span> <span class='ocrx_word' id='word_1_32' title='bbox 1427 441 1539 493; x_wconf 89' lang='lat' dir='ltr'>eius</span> <span class='ocrx_word' id='word_1_33' title='bbox 1588 441 1776 493; x_wconf 88' lang='lat' dir='ltr'>auulsa</span> <span class='ocrx_word' id='word_1_34' title='bbox 1822 445 1876 494; x_wconf 89' lang='lat' dir='ltr'>et</span> 
     </span>
     <span class='ocr_line' id='line_1_6' title="bbox 198 514 1942 583; baseline 0.001 -17"><span class='ocrx_word' id='word_1_35' title='bbox 198 516 371 567; x_wconf 90' lang='lat' dir='ltr'>denuo</span> <span class='ocrx_word' id='word_1_36' title='bbox 411 514 591 583; x_wconf 88' lang='lat' dir='ltr'>posita</span> <span class='ocrx_word' id='word_1_37' title='bbox 630 514 1047 566; x_wconf 69' lang='lat' dir='ltr'>teneritudinem</span> <span class='ocrx_word' id='word_1_38' title='bbox 1087 517 1459 582; x_wconf 86' lang='lat' dir='ltr'>consequetur.</span> <span class='ocrx_word' id='word_1_39' title='bbox 1523 515 1654 567; x_wconf 91' lang='lat' dir='ltr'>item</span> <span class='ocrx_word' id='word_1_40' title='bbox 1687 515 1873 567; x_wconf 89' lang='lat' dir='ltr'>multis</span> <span class='ocrx_word' id='word_1_41' title='bbox 1921 538 1942 569; x_wconf 88' lang='lat'><strong>5</strong></span> 
     </span>
     <span class='ocr_line' id='line_1_7' title="bbox 199 587 1874 656; baseline 0.001 -16"><span class='ocrx_word' id='word_1_42' title='bbox 199 587 495 640; x_wconf 88' lang='lat' dir='ltr'>seminibus</span> <span class='ocrx_word' id='word_1_43' title='bbox 530 589 746 640; x_wconf 88' lang='lat' dir='ltr'>condita</span> <span class='ocrx_word' id='word_1_44' title='bbox 777 592 1044 656; x_wconf 89' lang='lat' dir='ltr'>nascetur,</span> <span class='ocrx_word' id='word_1_45' title='bbox 1085 589 1130 640; x_wconf 90' lang='lat' dir='ltr'>si</span> <span class='ocrx_word' id='word_1_46' title='bbox 1164 587 1369 656; x_wconf 87' lang='lat' dir='ltr'>caprini</span> <span class='ocrx_word' id='word_1_47' title='bbox 1402 590 1653 640; x_wconf 89' lang='lat' dir='ltr'>stercoris</span> <span class='ocrx_word' id='word_1_48' title='bbox 1685 589 1874 641; x_wconf 86' lang='lat' dir='ltr'>bacam</span> 
     </span>
     <span class='ocr_line' id='line_1_8' title="bbox 198 662 1872 728; baseline 0.001 -15"><span class='ocrx_word' id='word_1_49' title='bbox 198 662 391 714; x_wconf 88' lang='lat' dir='ltr'>subula</span> <span class='ocrx_word' id='word_1_50' title='bbox 439 662 713 714; x_wconf 85' lang='lat' dir='ltr'>subtiliter</span> <span class='ocrx_word' id='word_1_51' title='bbox 757 662 1032 714; x_wconf 85' lang='lat' dir='ltr'>excauaris</span> <span class='ocrx_word' id='word_1_52' title='bbox 1081 665 1135 714; x_wconf 91' lang='lat' dir='ltr'>et</span> <span class='ocrx_word' id='word_1_53' title='bbox 1174 663 1229 713; x_wconf 93' lang='lat' dir='ltr'>in</span> <span class='ocrx_word' id='word_1_54' title='bbox 1280 680 1341 713; x_wconf 89' lang='lat' dir='ltr'>ea</span> <span class='ocrx_word' id='word_1_55' title='bbox 1390 680 1572 714; x_wconf 89' lang='lat' dir='ltr'>semen</span> <span class='ocrx_word' id='word_1_56' title='bbox 1618 663 1872 728; x_wconf 77' lang='lat' dir='ltr'>lactucae,</span> 
     </span>
     <span class='ocr_line' id='line_1_9' title="bbox 195 735 1875 805; baseline 0.001 -18"><span class='ocrx_word' id='word_1_57' title='bbox 195 736 470 803; x_wconf 87' lang='lat' dir='ltr'>nasturtii,</span> <span class='ocrx_word' id='word_1_58' title='bbox 510 736 685 805; x_wconf 88' lang='lat' dir='ltr'>ocimi,</span> <span class='ocrx_word' id='word_1_59' title='bbox 726 755 929 800; x_wconf 86' lang='lat' dir='ltr'>erucae,</span> <span class='ocrx_word' id='word_1_60' title='bbox 961 735 1155 787; x_wconf 86' lang='lat' dir='ltr'>radicis</span> <span class='ocrx_word' id='word_1_61' title='bbox 1190 735 1474 804; x_wconf 89' lang='lat' dir='ltr'>inmiseris,</span> <span class='ocrx_word' id='word_1_62' title='bbox 1511 739 1638 789; x_wconf 89' lang='lat' dir='ltr'>tunc</span> <span class='ocrx_word' id='word_1_63' title='bbox 1671 736 1875 789; x_wconf 89' lang='lat' dir='ltr'>inuolu-</span> 
     </span>
     <span class='ocr_line' id='line_1_10' title="bbox 196 810 1874 878; baseline 0 -16"><span class='ocrx_word' id='word_1_64' title='bbox 196 814 311 862; x_wconf 89' lang='lat' dir='ltr'>tam</span> <span class='ocrx_word' id='word_1_65' title='bbox 364 810 491 862; x_wconf 89' lang='lat' dir='ltr'>fimo</span> <span class='ocrx_word' id='word_1_66' title='bbox 557 811 748 862; x_wconf 91' lang='lat' dir='ltr'>bacam</span> <span class='ocrx_word' id='word_1_67' title='bbox 811 814 956 861; x_wconf 89' lang='lat' dir='ltr'>terra</span> <span class='ocrx_word' id='word_1_68' title='bbox 1015 810 1215 878; x_wconf 88' lang='lat' dir='ltr'>optime</span> <span class='ocrx_word' id='word_1_69' title='bbox 1273 810 1418 861; x_wconf 86' lang='lat' dir='ltr'>culta</span> <span class='ocrx_word' id='word_1_70' title='bbox 1478 810 1631 861; x_wconf 92' lang='lat' dir='ltr'>breui</span> <span class='ocrx_word' id='word_1_71' title='bbox 1687 812 1874 862; x_wconf 85' lang='lat' dir='ltr'>scrobe</span> 
     </span>
     <span class='ocr_line' id='line_1_11' title="bbox 197 883 1943 938; baseline 0.002 -3"><span class='ocrx_word' id='word_1_72' title='bbox 197 884 528 937; x_wconf 78' lang='lat' dir='ltr'>demerseris,</span> <span class='ocrx_word' id='word_1_73' title='bbox 590 884 809 935; x_wconf 85' lang='lat' dir='ltr'>rafanus</span> <span class='ocrx_word' id='word_1_74' title='bbox 842 884 1039 935; x_wconf 87' lang='lat' dir='ltr'>nititur</span> <span class='ocrx_word' id='word_1_75' title='bbox 1070 884 1127 934; x_wconf 93' lang='lat' dir='ltr'>in</span> <span class='ocrx_word' id='word_1_76' title='bbox 1159 883 1406 935; x_wconf 88' lang='lat' dir='ltr'>radicem.</span> <span class='ocrx_word' id='word_1_77' title='bbox 1463 887 1639 935; x_wconf 90' lang='lat' dir='ltr'>cetera</span> <span class='ocrx_word' id='word_1_78' title='bbox 1672 885 1875 936; x_wconf 85' lang='lat' dir='ltr'>semina</span> <span class='ocrx_word' id='word_1_79' title='bbox 1900 907 1943 938; x_wconf 89' lang='lat'>10</span> 
     </span>
     <span class='ocr_line' id='line_1_12' title="bbox 196 957 1875 1027; baseline 0.001 -19"><span class='ocrx_word' id='word_1_80' title='bbox 196 958 253 1009; x_wconf 91' lang='lat' dir='ltr'>in</span> <span class='ocrx_word' id='word_1_81' title='bbox 302 977 511 1010; x_wconf 90' lang='lat' dir='ltr'>summo</span> <span class='ocrx_word' id='word_1_82' title='bbox 553 959 765 1010; x_wconf 87' lang='lat' dir='ltr'>lactuca</span> <span class='ocrx_word' id='word_1_83' title='bbox 803 957 1007 1025; x_wconf 85' lang='lat' dir='ltr'>pariter</span> <span class='ocrx_word' id='word_1_84' title='bbox 1048 962 1326 1027; x_wconf 78' lang='lat' dir='ltr'>mergente</span> <span class='ocrx_word' id='word_1_85' title='bbox 1366 958 1656 1025; x_wconf 89' lang='lat' dir='ltr'>prosiliunt</span> <span class='ocrx_word' id='word_1_86' title='bbox 1696 958 1875 1027; x_wconf 90' lang='lat' dir='ltr'>singu-</span> 
     </span>
     <span class='ocr_line' id='line_1_13' title="bbox 194 1030 1877 1100; baseline -0.001 -16"><span class='ocrx_word' id='word_1_87' title='bbox 194 1032 372 1084; x_wconf 91' lang='lat' dir='ltr'>lorum</span> <span class='ocrx_word' id='word_1_88' title='bbox 406 1050 594 1100; x_wconf 88' lang='lat' dir='ltr'>sapore</span> <span class='ocrx_word' id='word_1_89' title='bbox 629 1035 858 1083; x_wconf 83' lang='lat' dir='ltr'>seruato.</span> <span class='ocrx_word' id='word_1_90' title='bbox 923 1031 1015 1082; x_wconf 85' lang='lat' dir='ltr'>alii</span> <span class='ocrx_word' id='word_1_91' title='bbox 1046 1030 1149 1083; x_wconf 90' lang='lat' dir='ltr'>hoc</span> <span class='ocrx_word' id='word_1_92' title='bbox 1182 1032 1259 1082; x_wconf 89' lang='lat' dir='ltr'>ita</span> <span class='ocrx_word' id='word_1_93' title='bbox 1293 1031 1671 1099; x_wconf 89' lang='lat' dir='ltr'>adsequuntur.</span> <span class='ocrx_word' id='word_1_94' title='bbox 1731 1033 1877 1084; x_wconf 89' lang='lat' dir='ltr'>auul-</span> 
     </span>
     <span class='ocr_line' id='line_1_14' title="bbox 199 1104 1876 1174; baseline 0 -17"><span class='ocrx_word' id='word_1_95' title='bbox 199 1124 288 1158; x_wconf 90' lang='lat' dir='ltr'>sae</span> <span class='ocrx_word' id='word_1_96' title='bbox 320 1106 562 1158; x_wconf 89' lang='lat' dir='ltr'>lactucae</span> <span class='ocrx_word' id='word_1_97' title='bbox 595 1105 728 1157; x_wconf 83' lang='lat' dir='ltr'>folia</span> <span class='ocrx_word' id='word_1_98' title='bbox 761 1108 1003 1173; x_wconf 87' lang='lat' dir='ltr'>carpunt,</span> <span class='ocrx_word' id='word_1_99' title='bbox 1045 1123 1178 1174; x_wconf 87' lang='lat' dir='ltr'>quae</span> <span class='ocrx_word' id='word_1_100' title='bbox 1216 1105 1486 1157; x_wconf 87' lang='lat' dir='ltr'>radicibus</span> <span class='ocrx_word' id='word_1_101' title='bbox 1518 1104 1702 1157; x_wconf 89' lang='lat' dir='ltr'>iuncta</span> <span class='ocrx_word' id='word_1_102' title='bbox 1736 1110 1876 1173; x_wconf 86' lang='lat' dir='ltr'>sunt,</span> 
     </span>
     <span class='ocr_line' id='line_1_15' title="bbox 197 1178 1876 1249; baseline 0 -18"><span class='ocrx_word' id='word_1_103' title='bbox 197 1183 251 1231; x_wconf 90' lang='lat' dir='ltr'>et</span> <span class='ocrx_word' id='word_1_104' title='bbox 299 1178 356 1231; x_wconf 91' lang='lat' dir='ltr'>in</span> <span class='ocrx_word' id='word_1_105' title='bbox 404 1180 604 1232; x_wconf 89' lang='lat' dir='ltr'>eisdem</span> <span class='ocrx_word' id='word_1_106' title='bbox 653 1180 910 1249; x_wconf 87' lang='lat' dir='ltr'>gradibus</span> <span class='ocrx_word' id='word_1_107' title='bbox 960 1180 1172 1231; x_wconf 89' lang='lat' dir='ltr'>surculo</span> <span class='ocrx_word' id='word_1_108' title='bbox 1220 1179 1435 1247; x_wconf 89' lang='lat' dir='ltr'>punctis</span> <span class='ocrx_word' id='word_1_109' title='bbox 1482 1183 1697 1248; x_wconf 88' lang='lat' dir='ltr'>praeter</span> <span class='ocrx_word' id='word_1_110' title='bbox 1740 1180 1876 1231; x_wconf 86' lang='lat' dir='ltr'>rafa-</span> 
     </span>
     <span class='ocr_line' id='line_1_16' title="bbox 195 1252 1944 1322; baseline 0.001 -17"><span class='ocrx_word' id='word_1_111' title='bbox 195 1272 326 1305; x_wconf 90' lang='lat' dir='ltr'>num</span> <span class='ocrx_word' id='word_1_112' title='bbox 382 1255 587 1305; x_wconf 89' lang='lat' dir='ltr'>semina</span> <span class='ocrx_word' id='word_1_113' title='bbox 643 1253 955 1322; x_wconf 83' lang='lat' dir='ltr'>supradicta</span> <span class='ocrx_word' id='word_1_114' title='bbox 1009 1253 1283 1322; x_wconf 90' lang='lat' dir='ltr'>deponunt</span> <span class='ocrx_word' id='word_1_115' title='bbox 1331 1272 1391 1305; x_wconf 91' lang='lat' dir='ltr'>ac</span> <span class='ocrx_word' id='word_1_116' title='bbox 1438 1254 1565 1305; x_wconf 86' lang='lat' dir='ltr'>fimo</span> <span class='ocrx_word' id='word_1_117' title='bbox 1615 1252 1874 1306; x_wconf 90' lang='lat' dir='ltr'>adlinunt.</span> <span class='ocrx_word' id='word_1_118' title='bbox 1902 1276 1944 1308; x_wconf 88' lang='lat'>15</span> 
     </span>
     <span class='ocr_line' id='line_1_17' title="bbox 197 1326 1876 1395; baseline 0.001 -16"><span class='ocrx_word' id='word_1_119' title='bbox 197 1328 274 1379; x_wconf 88' lang='lat' dir='ltr'>sic</span> <span class='ocrx_word' id='word_1_120' title='bbox 316 1327 511 1379; x_wconf 88' lang='lat' dir='ltr'>obruta</span> <span class='ocrx_word' id='word_1_121' title='bbox 550 1329 747 1380; x_wconf 89' lang='lat' dir='ltr'>iterum</span> <span class='ocrx_word' id='word_1_122' title='bbox 787 1328 998 1380; x_wconf 89' lang='lat' dir='ltr'>lactuca</span> <span class='ocrx_word' id='word_1_123' title='bbox 1029 1326 1428 1395; x_wconf 88' lang='lat' dir='ltr'>praedictorum</span> <span class='ocrx_word' id='word_1_124' title='bbox 1461 1327 1726 1378; x_wconf 90' lang='lat' dir='ltr'>seminum</span> <span class='ocrx_word' id='word_1_125' title='bbox 1759 1346 1876 1380; x_wconf 89' lang='lat' dir='ltr'>cau-</span> 
     </span>
     <span class='ocr_line' id='line_1_18' title="bbox 195 1400 1877 1469; baseline 0 -16"><span class='ocrx_word' id='word_1_126' title='bbox 195 1402 339 1454; x_wconf 89' lang='lat' dir='ltr'>libus</span> <span class='ocrx_word' id='word_1_127' title='bbox 390 1402 672 1453; x_wconf 87' lang='lat' dir='ltr'>ambietur.</span> <span class='ocrx_word' id='word_1_128' title='bbox 751 1402 964 1454; x_wconf 89' lang='lat' dir='ltr'>lactuca</span> <span class='ocrx_word' id='word_1_129' title='bbox 1011 1402 1153 1453; x_wconf 87' lang='lat' dir='ltr'>dicta</span> <span class='ocrx_word' id='word_1_130' title='bbox 1202 1405 1304 1469; x_wconf 91' lang='lat' dir='ltr'>est,</span> <span class='ocrx_word' id='word_1_131' title='bbox 1354 1402 1497 1469; x_wconf 88' lang='lat' dir='ltr'>quod</span> <span class='ocrx_word' id='word_1_132' title='bbox 1550 1400 1877 1453; x_wconf 85' lang='lat' dir='ltr'>abundantia.</span> 
     </span>
     <span class='ocr_line' id='line_1_19' title="bbox 196 1474 1875 1528; baseline -0.001 -1"><span class='ocrx_word' id='word_1_133' title='bbox 196 1476 354 1528; x_wconf 91' lang='lat' dir='ltr'>lactis</span> <span class='ocrx_word' id='word_1_134' title='bbox 418 1476 684 1528; x_wconf 86' lang='lat' dir='ltr'>exuberet.</span> <span class='ocrx_word' id='word_1_135' title='bbox 777 1475 879 1528; x_wconf 90' lang='lat' dir='ltr'>hoc</span> <span class='ocrx_word' id='word_1_136' title='bbox 933 1493 1114 1527; x_wconf 88' lang='lat' dir='ltr'>mense</span> <span class='ocrx_word' id='word_1_137' title='bbox 1170 1474 1498 1527; x_wconf 88' lang='lat' dir='ltr'>nasturtium</span> <span class='ocrx_word' id='word_1_138' title='bbox 1554 1478 1769 1527; x_wconf 87' lang='lat' dir='ltr'>constat</span> <span class='ocrx_word' id='word_1_139' title='bbox 1823 1480 1875 1528; x_wconf 92' lang='lat' dir='ltr'>et</span> 
     </span>
     <span class='ocr_line' id='line_1_20' title="bbox 197 1548 1876 1618; baseline 0.001 -17"><span class='ocrx_word' id='word_1_140' title='bbox 197 1551 342 1601; x_wconf 90' lang='lat' dir='ltr'>omni</span> <span class='ocrx_word' id='word_1_141' title='bbox 385 1553 628 1618; x_wconf 87' lang='lat' dir='ltr'>tempore</span> <span class='ocrx_word' id='word_1_142' title='bbox 670 1568 784 1602; x_wconf 91' lang='lat' dir='ltr'>esse</span> <span class='ocrx_word' id='word_1_143' title='bbox 816 1550 1139 1618; x_wconf 88' lang='lat' dir='ltr'>ponendum,</span> <span class='ocrx_word' id='word_1_144' title='bbox 1178 1549 1312 1616; x_wconf 91' lang='lat' dir='ltr'>loco,</span> <span class='ocrx_word' id='word_1_145' title='bbox 1355 1549 1501 1617; x_wconf 91' lang='lat' dir='ltr'>quali</span> <span class='ocrx_word' id='word_1_146' title='bbox 1533 1548 1784 1617; x_wconf 83' lang='lat' dir='ltr'>placebit,</span> <span class='ocrx_word' id='word_1_147' title='bbox 1824 1553 1876 1602; x_wconf 91' lang='lat' dir='ltr'>et</span> 
     </span>
     <span class='ocr_line' id='line_1_21' title="bbox 199 1623 1944 1693; baseline 0.001 -17"><span class='ocrx_word' id='word_1_148' title='bbox 199 1623 368 1676; x_wconf 90' lang='lat' dir='ltr'>caelo:</span> <span class='ocrx_word' id='word_1_149' title='bbox 406 1624 594 1675; x_wconf 90' lang='lat' dir='ltr'>fimum</span> <span class='ocrx_word' id='word_1_150' title='bbox 633 1642 743 1675; x_wconf 91' lang='lat' dir='ltr'>non</span> <span class='ocrx_word' id='word_1_151' title='bbox 783 1624 1071 1676; x_wconf 87' lang='lat' dir='ltr'>desiderat:</span> <span class='ocrx_word' id='word_1_152' title='bbox 1111 1642 1354 1675; x_wconf 90' lang='lat' dir='ltr'>umorem</span> <span class='ocrx_word' id='word_1_153' title='bbox 1388 1623 1633 1691; x_wconf 90' lang='lat' dir='ltr'>quamuis</span> <span class='ocrx_word' id='word_1_154' title='bbox 1667 1623 1874 1693; x_wconf 89' lang='lat' dir='ltr'>diligat,</span> <span class='ocrx_word' id='word_1_155' title='bbox 1901 1647 1944 1677; x_wconf 78' lang='lat'>20</span> 
     </span>
     <span class='ocr_line' id='line_1_22' title="bbox 196 1698 1876 1760; baseline -0.001 -11"><span class='ocrx_word' id='word_1_156' title='bbox 196 1702 378 1749; x_wconf 90' lang='lat' dir='ltr'>tamen</span> <span class='ocrx_word' id='word_1_157' title='bbox 412 1699 593 1750; x_wconf 91' lang='lat' dir='ltr'>deesse</span> <span class='ocrx_word' id='word_1_158' title='bbox 625 1717 734 1750; x_wconf 90' lang='lat' dir='ltr'>non</span> <span class='ocrx_word' id='word_1_159' title='bbox 767 1702 935 1750; x_wconf 86' lang='lat' dir='ltr'>curat.</span> <span class='ocrx_word' id='word_1_160' title='bbox 1000 1698 1044 1749; x_wconf 92' lang='lat' dir='ltr'>si</span> <span class='ocrx_word' id='word_1_161' title='bbox 1078 1715 1198 1750; x_wconf 89' lang='lat' dir='ltr'>cum</span> <span class='ocrx_word' id='word_1_162' title='bbox 1234 1698 1444 1749; x_wconf 88' lang='lat' dir='ltr'>lactuca</span> <span class='ocrx_word' id='word_1_163' title='bbox 1470 1701 1694 1760; x_wconf 88' lang='lat' dir='ltr'>seratur,</span> <span class='ocrx_word' id='word_1_164' title='bbox 1726 1699 1876 1750; x_wconf 86' lang='lat' dir='ltr'>nasci</span> 
     </span>
     <span class='ocr_line' id='line_1_23' title="bbox 197 1771 1877 1842; baseline 0.001 -20"><span class='ocrx_word' id='word_1_165' title='bbox 197 1772 368 1823; x_wconf 90' lang='lat' dir='ltr'>fertur</span> <span class='ocrx_word' id='word_1_166' title='bbox 409 1771 639 1842; x_wconf 88' lang='lat' dir='ltr'>egregie.</span> <span class='ocrx_word' id='word_1_167' title='bbox 707 1776 761 1824; x_wconf 91' lang='lat' dir='ltr'>et</span> <span class='ocrx_word' id='word_1_168' title='bbox 801 1791 942 1824; x_wconf 91' lang='lat' dir='ltr'>nunc</span> <span class='ocrx_word' id='word_1_169' title='bbox 976 1776 1030 1822; x_wconf 94' lang='lat' dir='ltr'>et</span> <span class='ocrx_word' id='word_1_170' title='bbox 1063 1772 1353 1839; x_wconf 87' lang='lat' dir='ltr'>mensibus,</span> <span class='ocrx_word' id='word_1_171' title='bbox 1395 1771 1589 1839; x_wconf 89' lang='lat' dir='ltr'>quibus</span> <span class='ocrx_word' id='word_1_172' title='bbox 1623 1771 1877 1838; x_wconf 88' lang='lat' dir='ltr'>uolueris,</span> 
     </span>
     <span class='ocr_line' id='line_1_24' title="bbox 197 1845 1877 1898; baseline 0 -1"><span class='ocrx_word' id='word_1_173' title='bbox 197 1848 250 1897; x_wconf 86' lang='lat' dir='ltr'>et</span> <span class='ocrx_word' id='word_1_174' title='bbox 290 1846 423 1898; x_wconf 89' lang='lat' dir='ltr'>locis</span> <span class='ocrx_word' id='word_1_175' title='bbox 466 1864 679 1898; x_wconf 89' lang='lat' dir='ltr'>erucam</span> <span class='ocrx_word' id='word_1_176' title='bbox 722 1864 896 1898; x_wconf 87' lang='lat' dir='ltr'>serere</span> <span class='ocrx_word' id='word_1_177' title='bbox 935 1846 1013 1897; x_wconf 87' lang='lat' dir='ltr'>nil</span> <span class='ocrx_word' id='word_1_178' title='bbox 1053 1845 1295 1897; x_wconf 88' lang='lat' dir='ltr'>moreris.</span> <span class='ocrx_word' id='word_1_179' title='bbox 1358 1845 1460 1897; x_wconf 87' lang='lat' dir='ltr'>hoc</span> <span class='ocrx_word' id='word_1_180' title='bbox 1498 1845 1663 1896; x_wconf 89' lang='lat' dir='ltr'>etiam</span> <span class='ocrx_word' id='word_1_181' title='bbox 1696 1863 1877 1898; x_wconf 89' lang='lat' dir='ltr'>mense</span> 
     </span>
     <span class='ocr_line' id='line_1_25' title="bbox 197 1918 1879 1988; baseline -0.001 -16"><span class='ocrx_word' id='word_1_182' title='bbox 197 1920 375 1972; x_wconf 87' lang='lat' dir='ltr'>caules</span> <span class='ocrx_word' id='word_1_183' title='bbox 433 1924 487 1972; x_wconf 89' lang='lat' dir='ltr'>et</span> <span class='ocrx_word' id='word_1_184' title='bbox 533 1924 651 1972; x_wconf 93' lang='lat' dir='ltr'>toto</span> <span class='ocrx_word' id='word_1_185' title='bbox 701 1939 840 1972; x_wconf 89' lang='lat' dir='ltr'>anno</span> <span class='ocrx_word' id='word_1_186' title='bbox 891 1921 995 1971; x_wconf 91' lang='lat' dir='ltr'>seri</span> <span class='ocrx_word' id='word_1_187' title='bbox 1042 1923 1292 1988; x_wconf 85' lang='lat' dir='ltr'>possunt,</span> <span class='ocrx_word' id='word_1_188' title='bbox 1348 1920 1441 1972; x_wconf 88' lang='lat' dir='ltr'>sed</span> <span class='ocrx_word' id='word_1_189' title='bbox 1496 1919 1688 1971; x_wconf 89' lang='lat' dir='ltr'>melius</span> <span class='ocrx_word' id='word_1_190' title='bbox 1743 1918 1879 1988; x_wconf 84' lang='lat' dir='ltr'>aliis,</span> 
     </span>
    </p>
   </div>
   <div class='ocr_carea' id='block_1_3' title="bbox 194 2123 1877 2596">
    <p class='ocr_par' dir='ltr' id='par_1_3' title="bbox 194 2123 1877 2596">
     <span class='ocr_line' id='line_1_26' title="bbox 317 2123 1876 2180; baseline 0.001 -14"><span class='ocrx_word' id='word_1_191' title='bbox 317 2129 337 2165; x_wconf 91' lang='lat'>1</span> <span class='ocrx_word' id='word_1_192' title='bbox 373 2126 498 2167; x_wconf 85' lang='lat' dir='ltr'>resta</span> <span class='ocrx_word' id='word_1_193' title='bbox 516 2126 564 2167; x_wconf 85' lang='lat' dir='ltr'><em>E</em></span> <span class='ocrx_word' id='word_1_194' title='bbox 590 2127 594 2179; x_wconf 88' lang='grc' dir='ltr'>Ι</span> <span class='ocrx_word' id='word_1_195' title='bbox 622 2127 860 2180; x_wconf 87' lang='lat' dir='ltr'>putantur.</span> <span class='ocrx_word' id='word_1_196' title='bbox 897 2137 1037 2167; x_wconf 86' lang='lat' dir='ltr'>arena</span> <span class='ocrx_word' id='word_1_197' title='bbox 1062 2123 1100 2166; x_wconf 90' lang='lat' dir='ltr'>si</span> <span class='ocrx_word' id='word_1_198' title='bbox 1118 2123 1267 2167; x_wconf 84' lang='lat' dir='ltr'>litoris</span> <span class='ocrx_word' id='word_1_199' title='bbox 1286 2125 1335 2166; x_wconf 83' lang='lat' dir='ltr'><em>E</em></span> <span class='ocrx_word' id='word_1_200' title='bbox 1356 2127 1369 2180; x_wconf 71' lang='grc' dir='ltr'>ΙΙ</span> <span class='ocrx_word' id='word_1_201' title='bbox 1395 2129 1419 2165; x_wconf 82' lang='grc'><strong>3</strong></span> <span class='ocrx_word' id='word_1_202' title='bbox 1444 2123 1543 2180; x_wconf 86' lang='lat' dir='ltr'>ipse</span> <span class='ocrx_word' id='word_1_203' title='bbox 1565 2124 1619 2178; x_wconf 80' lang='lat' dir='ltr'>G,</span> <span class='ocrx_word' id='word_1_204' title='bbox 1645 2123 1749 2179; x_wconf 87' lang='lat' dir='ltr'>ipsa</span> <span class='ocrx_word' id='word_1_205' title='bbox 1773 2124 1876 2179; x_wconf 89' lang='lat' dir='ltr'>VF,</span> 
     </span>
     <span class='ocr_line' id='line_1_27' title="bbox 194 2182 1877 2239; baseline 0 -14"><span class='ocrx_word' id='word_1_206' title='bbox 194 2182 308 2239; x_wconf 81' lang='lat' dir='ltr'>ipsis</span> <span class='ocrx_word' id='word_1_207' title='bbox 342 2184 392 2226; x_wconf 83' lang='lat' dir='ltr'><strong><em>E</em></strong></span> <span class='ocrx_word' id='word_1_208' title='bbox 427 2185 440 2239; x_wconf 81' lang='grc' dir='ltr'>Η</span> <span class='ocrx_word' id='word_1_209' title='bbox 481 2189 505 2226; x_wconf 80' lang='lat'>5</span> <span class='ocrx_word' id='word_1_210' title='bbox 539 2183 837 2239; x_wconf 85' lang='lat' dir='ltr'>consequitur</span> <span class='ocrx_word' id='word_1_211' title='bbox 868 2185 935 2238; x_wconf 86' lang='lat' dir='ltr'>E,</span> <span class='ocrx_word' id='word_1_212' title='bbox 978 2186 1230 2239; x_wconf 80' lang='lat' dir='ltr'>exequetur</span> <span class='ocrx_word' id='word_1_213' title='bbox 1256 2198 1291 2239; x_wconf 78' lang='lat' dir='ltr'>p</span> <span class='ocrx_word' id='word_1_214' title='bbox 1329 2185 1342 2239; x_wconf 85' lang='grc' dir='ltr'>ΙΙ</span> <span class='ocrx_word' id='word_1_215' title='bbox 1385 2189 1406 2226; x_wconf 80' lang='grc'>7</span> <span class='ocrx_word' id='word_1_216' title='bbox 1449 2182 1661 2225; x_wconf 80' lang='lat' dir='ltr'>exauaris</span> <span class='ocrx_word' id='word_1_217' title='bbox 1702 2183 1759 2238; x_wconf 88' lang='lat' dir='ltr'>F,</span> <span class='ocrx_word' id='word_1_218' title='bbox 1802 2197 1877 2226; x_wconf 79' lang='lat' dir='ltr'>ex-</span> 
     </span>
     <span class='ocr_line' id='line_1_28' title="bbox 197 2241 1877 2299; baseline 0 -14"><span class='ocrx_word' id='word_1_219' title='bbox 197 2242 438 2285; x_wconf 85' lang='lat' dir='ltr'>cauaueris</span> <span class='ocrx_word' id='word_1_220' title='bbox 463 2243 753 2299; x_wconf 66' lang='lat' dir='ltr'>E2Tz‘acqs·</span> <span class='ocrx_word' id='word_1_221' title='bbox 776 2244 789 2298; x_wconf 80' lang='grc' dir='ltr'>Η</span> <span class='ocrx_word' id='word_1_222' title='bbox 816 2248 840 2286; x_wconf 87' lang='grc'>8</span> <span class='ocrx_word' id='word_1_223' title='bbox 873 2242 1081 2286; x_wconf 82' lang='lat' dir='ltr'>nasturci</span> <span class='ocrx_word' id='word_1_224' title='bbox 1107 2244 1166 2297; x_wconf 85' lang='lat' dir='ltr'>E,</span> <span class='ocrx_word' id='word_1_225' title='bbox 1201 2242 1321 2298; x_wconf 76' lang='lat' dir='ltr'>cymi</span> <span class='ocrx_word' id='word_1_226' title='bbox 1349 2242 1466 2294; x_wconf 77' lang='lat' dir='ltr'>GE,</span> <span class='ocrx_word' id='word_1_227' title='bbox 1500 2241 1735 2285; x_wconf 85' lang='lat' dir='ltr'>nasturcio</span> <span class='ocrx_word' id='word_1_228' title='bbox 1769 2242 1877 2285; x_wconf 90' lang='lat' dir='ltr'>cimi</span> 
     </span>
     <span class='ocr_line' id='line_1_29' title="bbox 196 2301 1875 2358; baseline 0 -14"><span class='ocrx_word' id='word_1_229' title='bbox 196 2315 361 2344; x_wconf 87' lang='lat' dir='ltr'>erucae</span> <span class='ocrx_word' id='word_1_230' title='bbox 393 2303 457 2356; x_wconf 89' lang='lat' dir='ltr'>L,</span> <span class='ocrx_word' id='word_1_231' title='bbox 501 2302 998 2346; x_wconf 86' lang='lat' dir='ltr'>nasturciocimerucae</span> <span class='ocrx_word' id='word_1_232' title='bbox 1043 2303 1098 2358; x_wconf 72' lang='lat' dir='ltr'>Q,</span> <span class='ocrx_word' id='word_1_233' title='bbox 1147 2301 1383 2345; x_wconf 77' lang='lat' dir='ltr'>nasturcio</span> <span class='ocrx_word' id='word_1_234' title='bbox 1433 2301 1578 2344; x_wconf 87' lang='lat' dir='ltr'>cimae</span> <span class='ocrx_word' id='word_1_235' title='bbox 1620 2315 1785 2345; x_wconf 88' lang='lat' dir='ltr'>erucae</span> <span class='ocrx_word' id='word_1_236' title='bbox 1824 2303 1875 2356; x_wconf 89' lang='lat' dir='ltr'>V,</span> 
     </span>
     <span class='ocr_line' id='line_1_30' title="bbox 195 2361 1875 2416; baseline 0.001 -13"><span class='ocrx_word' id='word_1_237' title='bbox 195 2361 404 2404; x_wconf 87' lang='lat' dir='ltr'>nasturci</span> <span class='ocrx_word' id='word_1_238' title='bbox 444 2361 580 2404; x_wconf 90' lang='lat' dir='ltr'>ocimi</span> <span class='ocrx_word' id='word_1_239' title='bbox 623 2375 787 2404; x_wconf 87' lang='lat' dir='ltr'>erucae</span> <span class='ocrx_word' id='word_1_240' title='bbox 821 2362 872 2416; x_wconf 82' lang='lat' dir='ltr'>S,</span> <span class='ocrx_word' id='word_1_241' title='bbox 913 2361 1150 2404; x_wconf 87' lang='lat' dir='ltr'>nasturcio</span> <span class='ocrx_word' id='word_1_242' title='bbox 1185 2361 1301 2404; x_wconf 89' lang='lat' dir='ltr'>cimo</span> <span class='ocrx_word' id='word_1_243' title='bbox 1334 2374 1497 2403; x_wconf 88' lang='lat' dir='ltr'>erucae</span> <span class='ocrx_word' id='word_1_244' title='bbox 1535 2362 1585 2415; x_wconf 83' lang='lat' dir='ltr'>T,</span> <span class='ocrx_word' id='word_1_245' title='bbox 1625 2361 1875 2404; x_wconf 88' lang='lat' dir='ltr'>nasturcio.</span> 
     </span>
     <span class='ocr_line' id='line_1_31' title="bbox 196 2419 1871 2478; baseline 0.001 -16"><span class='ocrx_word' id='word_1_246' title='bbox 196 2420 367 2463; x_wconf 89' lang='lat' dir='ltr'>cimini.</span> <span class='ocrx_word' id='word_1_247' title='bbox 418 2434 581 2464; x_wconf 88' lang='lat' dir='ltr'>erucae</span> <span class='ocrx_word' id='word_1_248' title='bbox 615 2421 672 2475; x_wconf 84' lang='lat' dir='ltr'>F,</span> <span class='ocrx_word' id='word_1_249' title='bbox 712 2420 918 2463; x_wconf 88' lang='lat' dir='ltr'>nastatio</span> <span class='ocrx_word' id='word_1_250' title='bbox 960 2434 1123 2464; x_wconf 86' lang='lat' dir='ltr'>erucae</span> <span class='ocrx_word' id='word_1_251' title='bbox 1158 2435 1193 2476; x_wconf 75' lang='lat' dir='ltr'>p</span> <span class='ocrx_word' id='word_1_252' title='bbox 1236 2423 1240 2477; x_wconf 86' lang='grc' dir='ltr'>Ι</span> <span class='ocrx_word' id='word_1_253' title='bbox 1282 2419 1462 2463; x_wconf 88' lang='lat' dir='ltr'>radices</span> <span class='ocrx_word' id='word_1_254' title='bbox 1495 2421 1546 2475; x_wconf 71' lang='lat' dir='ltr'>V,</span> <span class='ocrx_word' id='word_1_255' title='bbox 1591 2420 1753 2463; x_wconf 82' lang='lat' dir='ltr'>rafano</span> <span class='ocrx_word' id='word_1_256' title='bbox 1787 2420 1871 2478; x_wconf 69' lang='lat' dir='ltr'>F}</span> 
     </span>
     <span class='ocr_line' id='line_1_32' title="bbox 195 2479 1877 2537; baseline 0.001 -16"><span class='ocrx_word' id='word_1_257' title='bbox 195 2482 242 2522; x_wconf 91' lang='lat' dir='ltr'>et</span> <span class='ocrx_word' id='word_1_258' title='bbox 273 2482 384 2522; x_wconf 88' lang='lat' dir='ltr'>tunc</span> <span class='ocrx_word' id='word_1_259' title='bbox 418 2494 544 2537; x_wconf 72' lang='lat' dir='ltr'>acys</span> <span class='ocrx_word' id='word_1_260' title='bbox 579 2484 592 2535; x_wconf 78' lang='grc' dir='ltr'>ΙΙ</span> <span class='ocrx_word' id='word_1_261' title='bbox 633 2485 656 2522; x_wconf 84' lang='grc'><strong>9</strong></span> <span class='ocrx_word' id='word_1_262' title='bbox 690 2482 842 2523; x_wconf 90' lang='lat' dir='ltr'>terrae</span> <span class='ocrx_word' id='word_1_263' title='bbox 883 2480 1074 2523; x_wconf 79' lang='lat' dir='ltr'><strong><em>VSEG</em></strong></span> <span class='ocrx_word' id='word_1_264' title='bbox 1117 2481 1122 2535; x_wconf 86' lang='grc' dir='ltr'>Ι</span> <span class='ocrx_word' id='word_1_265' title='bbox 1166 2479 1370 2536; x_wconf 89' lang='lat' dir='ltr'>optimae</span> <span class='ocrx_word' id='word_1_266' title='bbox 1403 2479 1578 2521; x_wconf 83' lang='lat' dir='ltr'>cultam</span> <span class='ocrx_word' id='word_1_267' title='bbox 1610 2480 1660 2533; x_wconf 73' lang='lat' dir='ltr'>V,</span> <span class='ocrx_word' id='word_1_268' title='bbox 1702 2479 1877 2535; x_wconf 88' lang='lat' dir='ltr'>optime</span> 
     </span>
     <span class='ocr_line' id='line_1_33' title="bbox 196 2538 1877 2596; baseline 0 -15"><span class='ocrx_word' id='word_1_269' title='bbox 196 2539 351 2581; x_wconf 86' lang='lat' dir='ltr'>cultae</span> <span class='ocrx_word' id='word_1_270' title='bbox 387 2539 428 2582; x_wconf 83' lang='lat' dir='ltr'><strong><em>G</em></strong></span> <span class='ocrx_word' id='word_1_271' title='bbox 456 2541 460 2596; x_wconf 92' lang='grc' dir='ltr'>Ι</span> <span class='ocrx_word' id='word_1_272' title='bbox 491 2539 626 2582; x_wconf 84' lang='lat' dir='ltr'>scobe</span> <span class='ocrx_word' id='word_1_273' title='bbox 659 2540 709 2582; x_wconf 84' lang='lat' dir='ltr'><em>E</em></span> <span class='ocrx_word' id='word_1_274' title='bbox 730 2542 743 2595; x_wconf 77' lang='grc' dir='ltr'>Η</span> <span class='ocrx_word' id='word_1_275' title='bbox 770 2544 823 2581; x_wconf 91' lang='grc'>10</span> <span class='ocrx_word' id='word_1_276' title='bbox 856 2538 1059 2581; x_wconf 83' lang='lat' dir='ltr'>mittitur</span> <span class='ocrx_word' id='word_1_277' title='bbox 1091 2540 1133 2582; x_wconf 90' lang='lat' dir='ltr'><em>L</em></span> <span class='ocrx_word' id='word_1_278' title='bbox 1157 2541 1171 2595; x_wconf 82' lang='grc' dir='ltr'>ΙΙ</span> <span class='ocrx_word' id='word_1_279' title='bbox 1198 2544 1250 2581; x_wconf 82' lang='lat'>12</span> <span class='ocrx_word' id='word_1_280' title='bbox 1285 2538 1664 2581; x_wconf 82' lang='lat' dir='ltr'>alii—exuberet</span> <span class='ocrx_word' id='word_1_281' title='bbox 1695 2553 1775 2581; x_wconf 85' lang='lat' dir='ltr'>om.</span> <span class='ocrx_word' id='word_1_282' title='bbox 1797 2553 1832 2594; x_wconf 74' lang='lat' dir='ltr'>p</span> <span class='ocrx_word' id='word_1_283' title='bbox 1861 2538 1877 2596; x_wconf 84' lang='grc' dir='ltr'>ΙΙ</span> 
     </span>
    </p>
   </div>
   <div class='ocr_carea' id='block_1_4' title="bbox 195 2596 1878 2774">
    <p class='ocr_par' dir='ltr' id='par_1_4' title="bbox 195 2596 1878 2774">
     <span class='ocr_line' id='line_1_34' title="bbox 198 2596 1875 2654; baseline 0 -14"><span class='ocrx_word' id='word_1_284' title='bbox 198 2603 251 2640; x_wconf 90' lang='grc'>14</span> <span class='ocrx_word' id='word_1_285' title='bbox 285 2598 332 2640; x_wconf 92' lang='lat' dir='ltr'>in</span> <span class='ocrx_word' id='word_1_286' title='bbox 373 2613 454 2642; x_wconf 83' lang='lat' dir='ltr'>om.</span> <span class='ocrx_word' id='word_1_287' title='bbox 490 2599 539 2641; x_wconf 89' lang='grc' dir='ltr'><em>Ε</em></span> <span class='ocrx_word' id='word_1_288' title='bbox 587 2601 591 2653; x_wconf 92' lang='grc' dir='ltr'>Ι</span> <span class='ocrx_word' id='word_1_289' title='bbox 642 2598 826 2654; x_wconf 84' lang='lat' dir='ltr'>panetis</span> <span class='ocrx_word' id='word_1_290' title='bbox 867 2600 885 2641; x_wconf 73' lang='lat' dir='ltr'>i</span> <span class='ocrx_word' id='word_1_291' title='bbox 936 2600 949 2654; x_wconf 77' lang='grc' dir='ltr'>Η</span> <span class='ocrx_word' id='word_1_292' title='bbox 1007 2604 1058 2641; x_wconf 79' lang='grc'>15</span> <span class='ocrx_word' id='word_1_293' title='bbox 1101 2597 1336 2641; x_wconf 81' lang='lat' dir='ltr'>aclliniunt</span> <span class='ocrx_word' id='word_1_294' title='bbox 1374 2598 1459 2641; x_wconf 82' lang='grc' dir='ltr'>Εα</span> <span class='ocrx_word' id='word_1_295' title='bbox 1514 2600 1527 2654; x_wconf 75' lang='grc' dir='ltr'>ΙΙ</span> <span class='ocrx_word' id='word_1_296' title='bbox 1584 2602 1634 2640; x_wconf 85' lang='grc'>17</span> <span class='ocrx_word' id='word_1_297' title='bbox 1671 2596 1875 2653; x_wconf 86' lang='lat' dir='ltr'>ambige-</span> 
     </span>
     <span class='ocr_line' id='line_1_35' title="bbox 195 2656 1876 2715; baseline -0.001 -16"><span class='ocrx_word' id='word_1_298' title='bbox 195 2660 271 2700; x_wconf 83' lang='lat' dir='ltr'>tur</span> <span class='ocrx_word' id='word_1_299' title='bbox 322 2658 363 2701; x_wconf 78' lang='lat' dir='ltr'><strong><em>G</em></strong></span> <span class='ocrx_word' id='word_1_300' title='bbox 429 2658 433 2714; x_wconf 89' lang='grc' dir='ltr'>Ι</span> <span class='ocrx_word' id='word_1_301' title='bbox 500 2657 684 2700; x_wconf 82' lang='lat' dir='ltr'>lactuca</span> <span class='ocrx_word' id='word_1_302' title='bbox 710 2685 764 2688; x_wconf 97' lang='lat'><strong>—</strong></span> <span class='ocrx_word' id='word_1_303' title='bbox 792 2658 1013 2700; x_wconf 82' lang='lat' dir='ltr'>exuberet</span> <span class='ocrx_word' id='word_1_304' title='bbox 1066 2659 1168 2701; x_wconf 68' lang='lat' dir='ltr'>incl.</span> <span class='ocrx_word' id='word_1_305' title='bbox 1212 2673 1240 2715; x_wconf 77' lang='lat'><em>9</em></span> <span class='ocrx_word' id='word_1_306' title='bbox 1299 2659 1313 2712; x_wconf 88' lang='grc' dir='ltr'>ΙΙ</span> <span class='ocrx_word' id='word_1_307' title='bbox 1379 2662 1431 2700; x_wconf 85' lang='grc'>18</span> <span class='ocrx_word' id='word_1_308' title='bbox 1487 2657 1566 2699; x_wconf 90' lang='lat' dir='ltr'>DE</span> <span class='ocrx_word' id='word_1_309' title='bbox 1614 2656 1876 2698; x_wconf 80' lang='lat' dir='ltr'><strong>NASTVR-</strong></span> 
     </span>
     <span class='ocr_line' id='line_1_36' title="bbox 197 2715 1878 2774; baseline -0.001 -15"><span class='ocrx_word' id='word_1_310' title='bbox 197 2716 289 2759; x_wconf 80' lang='lat' dir='ltr'>CIO</span> <span class='ocrx_word' id='word_1_311' title='bbox 339 2719 423 2760; x_wconf 57' lang='lat' dir='ltr'>ins.</span> <span class='ocrx_word' id='word_1_312' title='bbox 467 2717 516 2759; x_wconf 86' lang='grc' dir='ltr'><em>Ε</em></span> <span class='ocrx_word' id='word_1_313' title='bbox 572 2720 576 2771; x_wconf 86' lang='grc' dir='ltr'>Ι</span> <span class='ocrx_word' id='word_1_314' title='bbox 634 2720 903 2759; x_wconf 84' lang='lat' dir='ltr'>nasturcum</span> <span class='ocrx_word' id='word_1_315' title='bbox 935 2717 977 2758; x_wconf 88' lang='lat' dir='ltr'><strong><em>V</em></strong></span> <span class='ocrx_word' id='word_1_316' title='bbox 1023 2720 1026 2771; x_wconf 90' lang='grc' dir='ltr'>Ι</span> <span class='ocrx_word' id='word_1_317' title='bbox 1080 2720 1126 2759; x_wconf 93' lang='lat' dir='ltr'>et</span> <span class='ocrx_word' id='word_1_318' title='bbox 1172 2731 1252 2760; x_wconf 85' lang='lat' dir='ltr'>om.</span> <span class='ocrx_word' id='word_1_319' title='bbox 1304 2717 1345 2759; x_wconf 93' lang='lat' dir='ltr'><em>V</em></span> <span class='ocrx_word' id='word_1_320' title='bbox 1394 2718 1407 2772; x_wconf 81' lang='grc' dir='ltr'>ΙΙ</span> <span class='ocrx_word' id='word_1_321' title='bbox 1464 2721 1516 2759; x_wconf 84' lang='grc'>19</span> <span class='ocrx_word' id='word_1_322' title='bbox 1557 2729 1611 2758; x_wconf 82' lang='lat' dir='ltr'>ex</span> <span class='ocrx_word' id='word_1_323' title='bbox 1653 2715 1775 2758; x_wconf 81' lang='lat' dir='ltr'>omni</span> <span class='ocrx_word' id='word_1_324' title='bbox 1814 2715 1878 2774; x_wconf 68' lang='lat' dir='ltr'>il}</span> 
     </span>
    </p>
   </div>
   <div class='ocr_carea' id='block_1_5' title="bbox 195 2773 1875 2937">
    <p class='ocr_par' dir='ltr' id='par_1_5' title="bbox 195 2773 1875 2937">
     <span class='ocr_line' id='line_1_37' title="bbox 198 2773 1875 2832; baseline -0.001 -15"><span class='ocrx_word' id='word_1_325' title='bbox 198 2780 252 2817; x_wconf 63' lang='lat'>‘20</span> <span class='ocrx_word' id='word_1_326' title='bbox 293 2776 470 2818; x_wconf 84' lang='lat' dir='ltr'>fumum</span> <span class='ocrx_word' id='word_1_327' title='bbox 512 2777 605 2819; x_wconf 83' lang='lat' dir='ltr'>PL</span> <span class='ocrx_word' id='word_1_328' title='bbox 644 2779 658 2832; x_wconf 82' lang='grc' dir='ltr'>Η</span> <span class='ocrx_word' id='word_1_329' title='bbox 699 2781 751 2818; x_wconf 77' lang='grc'>’23</span> <span class='ocrx_word' id='word_1_330' title='bbox 794 2776 873 2818; x_wconf 90' lang='lat' dir='ltr'>DE</span> <span class='ocrx_word' id='word_1_331' title='bbox 913 2775 1115 2818; x_wconf 82' lang='lat' dir='ltr'><strong>ERVCA</strong></span> <span class='ocrx_word' id='word_1_332' title='bbox 1150 2791 1235 2832; x_wconf 76' lang='lat' dir='ltr'>pro</span> <span class='ocrx_word' id='word_1_333' title='bbox 1284 2778 1331 2818; x_wconf 88' lang='lat' dir='ltr'>et</span> <span class='ocrx_word' id='word_1_334' title='bbox 1369 2774 1482 2818; x_wconf 90' lang='lat' dir='ltr'>locis</span> <span class='ocrx_word' id='word_1_335' title='bbox 1523 2775 1572 2818; x_wconf 86' lang='lat' dir='ltr'><em>E</em></span> <span class='ocrx_word' id='word_1_336' title='bbox 1611 2776 1615 2831; x_wconf 91' lang='grc' dir='ltr'>Ι</span> <span class='ocrx_word' id='word_1_337' title='bbox 1659 2773 1777 2816; x_wconf 89' lang='lat' dir='ltr'>nihil</span> <span class='ocrx_word' id='word_1_338' title='bbox 1821 2774 1875 2828; x_wconf 80' lang='lat' dir='ltr'>G,</span> 
     </span>
     <span class='ocr_line' id='line_1_38' title="bbox 195 2834 1875 2937; baseline -0.001 -61"><span class='ocrx_word' id='word_1_339' title='bbox 195 2834 357 2937; x_wconf 43' lang='lat' dir='ltr'>gssphl}</span> <span class='ocrx_word' id='word_1_340' title='bbox 375 2836 482 2888; x_wconf 82' lang='lat' dir='ltr'>SE,</span> <span class='ocrx_word' id='word_1_341' title='bbox 515 2850 608 2878; x_wconf 89' lang='lat' dir='ltr'>non</span> <span class='ocrx_word' id='word_1_342' title='bbox 633 2850 668 2890; x_wconf 77' lang='lat' dir='ltr'>p</span> <span class='ocrx_word' id='word_1_343' title='bbox 697 2837 701 2891; x_wconf 91' lang='grc' dir='ltr'>Ι</span> <span class='ocrx_word' id='word_1_344' title='bbox 732 2835 809 2877; x_wconf 85' lang='lat' dir='ltr'>DE</span> <span class='ocrx_word' id='word_1_345' title='bbox 845 2834 1150 2878; x_wconf 78' lang='lat' dir='ltr'>CAVLIBVS-</span> <span class='ocrx_word' id='word_1_346' title='bbox 1170 2837 1255 2879; x_wconf 73' lang='lat' dir='ltr'>ins.</span> <span class='ocrx_word' id='word_1_347' title='bbox 1282 2836 1332 2878; x_wconf 83' lang='lat' dir='ltr'><em>E</em></span> <span class='ocrx_word' id='word_1_348' title='bbox 1353 2837 1366 2890; x_wconf 82' lang='grc' dir='ltr'>Η</span> <span class='ocrx_word' id='word_1_349' title='bbox 1393 2840 1447 2877; x_wconf 74' lang='lat'>‘24</span> <span class='ocrx_word' id='word_1_350' title='bbox 1481 2834 1875 2877; x_wconf 82' lang='lat' dir='ltr'>caules—mense</span> 
     </span>
    </p>
   </div>
  </div>
 </body>
</html>
