2014 3169
827 137 1168 182 PRAEFATIO
1758 139 1850 183 VII

159 265 619 330 perantiquum,
658 265 718 311 ut
750 266 825 312 est
855 263 908 311 in
939 264 1026 312 illo
1061 265 1291 327 catalogo
1324 265 1660 328 Lugdunensi,
1702 281 1850 327 quem

160 355 315 402 supra
352 338 429 386 bis
470 338 867 401 commemoravi,
907 338 1049 400 sequi
1086 339 1307 386 videtur:
1360 339 1443 387 sed
1484 339 1604 401 quid
1640 354 1693 387 re
1731 355 1852 387 vera

156 415 345 475 valeat,
400 413 553 474 paulo
607 413 738 459 infra
787 415 1057 473 quaeretur
1112 428 1267 474 aeque
1317 428 1373 460 ac
1422 413 1479 461 de
1519 412 1761 461 Politiani
1800 415 1852 461 et

159 487 341 537 codicis
380 486 689 534 Erfurtensis
727 486 1038 534 lectionibus.

271 560 466 609 Accedo
516 561 578 608 ad
628 575 710 609 eos
765 560 976 623 codices,
1041 575 1166 621 quos
1227 560 1332 621 ipse
1386 561 1575 622 primus
1631 560 1850 608 excussi:

157 635 340 684 horum
380 634 582 697 quidem
622 636 864 696 quattuor
902 649 1085 697 genera
1123 634 1269 682 facile
1311 634 1571 682 discernas.

272 710 442 770 Atque
481 709 700 771 primum
732 723 889 770 genus
929 707 1153 755 efficiunt
1184 711 1284 756 tres
1323 708 1439 755 libri
1479 724 1632 756 manu
1665 708 1853 771 scripti,

161 783 252 845 qui
299 799 358 830 ex
405 783 576 831 eodem
619 782 783 831 codice
822 782 985 830 verbis
1033 782 1401 830 continentibus
1451 785 1650 830 exarato
1690 784 1852 829 trans-

162 856 337 919 scripti
370 859 487 905 sunt
519 859 569 904 et
599 858 852 905 vetustate
888 858 1038 918 atque
1071 856 1362 920 integritate
1392 857 1608 918 quadam
1642 857 1853 918 scriptu-

160 947 245 979 rae
285 931 546 979 excellunt.

270 1006 349 1052 Ex
395 1005 464 1053 eis
512 1006 587 1053 est
632 1004 1002 1053 vetustissimus
1055 1005 1206 1052 codex
1249 1005 1297 1051 L
1337 1004 1367 1051 i.
1410 1021 1448 1052 e.
1488 1003 1853 1067 Laudunensis,

161 1079 250 1141 qui
288 1079 524 1126 Lauduni
562 1079 614 1126 in
652 1075 846 1126 urbana
884 1078 1187 1126 bibliotheca
1228 1078 1319 1125 sub
1367 1095 1572 1126 numero
1614 1080 1718 1127 426
1759 1077 1851 1125 bis

161 1153 466 1201 adservatur.
544 1152 625 1201 1110
657 1153 807 1201 codex
848 1155 922 1200 est
960 1152 1387 1215 membranaceus,
1428 1168 1581 1199 manu
1622 1152 1853 1215 scriptus,

161 1227 350 1275 saeculi
383 1227 467 1290 IX,
508 1227 744 1275 foliorum
779 1229 898 1289 120,
941 1242 1067 1287 quae
1107 1226 1239 1274 notis
1279 1242 1600 1274 numerorum
1639 1242 1739 1274 non
1778 1225 1852 1272 iu-

161 1303 354 1349 structa
387 1303 524 1364 sunt,
556 1317 793 1349 versuum
819 1302 902 1363 25,
941 1300 1130 1348 formae
1163 1316 1319 1362 paene
1355 1301 1642 1362 quadratae.
1690 1299 1852 1362 primo

163 1374 490 1437 quaternione
531 1373 787 1422 deficiente
825 1374 1010 1436 reliqui
1048 1374 1297 1435 incipiunt
1334 1374 1411 1421 his
1449 1374 1633 1422 verbis:
1676 1373 1854 1422 obru-

162 1451 362 1512 antur,
404 1448 586 1496 donec
624 1449 840 1496 munda
876 1451 920 1511 1,
957 1450 1002 1511 8,
1038 1450 1084 1495 2.
1146 1448 1374 1496 Palladio
1414 1447 1555 1496 finito
1595 1448 1648 1495 in
1686 1449 1854 1510 poste-

160 1523 292 1571 riore
332 1522 519 1586 pagina
558 1522 669 1571 folii
712 1525 812 1571 115
862 1522 1041 1584 incipit
1078 1522 1375 1584 Anonymi
1426 1524 1732 1570 tractatus
1788 1521 1855 1568 de

167 1597 595 1645 architectura.
672 1597 805 1644 hunc
844 1597 1029 1644 librum
1069 1614 1127 1644 ex
1166 1613 1221 1645 eo
1256 1597 1434 1660 codice,
1476 1597 1563 1658 qui
1603 1596 1855 1645 continen-

167 1671 242 1719 tia
280 1671 432 1720 verba
471 1671 716 1735 habuerit,
758 1671 1060 1732 exscriptum
1099 1687 1201 1719 esse
1241 1671 1403 1718 multa
1443 1671 1633 1719 docent.
1710 1685 1854 1732 prae-

167 1747 306 1793 terea
352 1745 458 1807 ipse
505 1745 657 1792 habet
696 1760 727 1793 a
775 1748 824 1792 et
874 1747 1104 1806 apertum
1156 1747 1205 1793 et
1255 1745 1501 1807 clausum,
1552 1761 1585 1791 n
1623 1745 1675 1791 in
1713 1745 1858 1791 textu

170 1819 456 1881 saepissime
496 1819 670 1882 forma,
712 1835 839 1880 quae
882 1819 1087 1882 dicitur,
1129 1818 1355 1881 capitali,
1396 1823 1414 1865 t
1451 1835 1550 1866 non
1587 1835 1700 1866 raro
1742 1817 1856 1864 sub-

166 1908 382 1942 versum.
462 1893 525 1939 ad
572 1907 818 1940 summam
864 1893 1118 1955 librarius,
1169 1893 1257 1954 qui
1301 1893 1433 1940 hunc
1480 1892 1697 1940 codicem
1744 1907 1857 1940 0011-

173 1967 386 2030 scripsit,
427 1966 548 2014 satis
587 1967 853 2029 indiligens
895 1969 1045 2028 atque
1084 1967 1314 2015 indoctus
1353 1966 1507 2014 fuisse
1546 1966 1766 2028 videtur,
1806 1965 1859 2011 id

172 2041 306 2104 quod
346 2057 404 2088 ex
434 2040 608 2088 multis
646 2040 837 2088 mendis
878 2031 1045 2103 eisque
1085 2041 1268 2102 ineptis
1308 2041 1466 2089 conici
1503 2040 1633 2088 licet.
1695 2040 1857 2086 multo

169 2114 446 2177 posteriore
473 2116 641 2162 autem
672 2130 826 2162 manu
859 2115 1075 2177 quadam
1108 2115 1303 2177 aliquot
1335 2115 1702 2163 emendationes
1727 2114 1859 2160 inter

169 2189 329 2237 lineas
370 2189 648 2250 adscriptae
697 2191 814 2236 sunt
860 2189 1079 2250 itemque
1127 2189 1179 2235 in
1225 2191 1367 2236 textu
1404 2188 1632 2237 nonnihil
1672 2203 1858 2236 correc-

166 2265 292 2310 tum.
371 2279 462 2326 ego
502 2263 634 2311 hunc
674 2262 892 2310 codicem
931 2263 1123 2311 contuli
1159 2263 1394 2310 Lauduni
1440 2279 1606 2311 mense
1647 2264 1858 2324 septem-

167 2337 247 2384 bri
285 2336 404 2385 anni
446 2339 602 2384 1874.

284 2410 521 2459 Omnium
561 2413 730 2458 autem
770 2410 1092 2474 gravissimus
1141 2412 1215 2458 est
1254 2411 1405 2459 codex
1443 2411 1487 2457 P
1521 2411 1551 2457 i.
1585 2424 1632 2458 e.
1671 2409 1859 2457 Parisi-

170 2500 269 2532 nus
312 2484 514 2533 6842ss
555 2485 980 2548 membranaceus,
1027 2500 1182 2532 manu
1222 2485 1459 2547 scriptus,
1501 2484 1620 2532 olim
1661 2483 1858 2531 Colber-

173 2558 326 2621 tinus,
367 2558 554 2606 saeculi
592 2559 650 2622 X,
690 2559 926 2606 foliorum
960 2561 1043 2622 89,
1082 2574 1318 2606 versuum
1352 2560 1435 2621 26,
1475 2558 1661 2606 formae
1700 2573 1858 2619 paene

175 2632 466 2695 quadratae,
507 2649 655 2694 quem
694 2632 899 2680 Parisiis
937 2648 1103 2680 mense
1144 2635 1359 2696 augusto
1402 2632 1519 2679 anni
1562 2633 1703 2680 1874
1744 2647 1858 2679 0011-

173 2706 286 2754 tuli.
363 2706 551 2767 priores
595 2706 695 2773 ⁴duo
738 2707 1087 2768 quaterniones
1135 2706 1390 2769 deficiunt,
1441 2706 1738 2768 posteriores
1784 2705 1859 2752 in-

176 2779 391 2842 cipiunt:
430 2782 761 2828 testaceam
801 2780 1249 2828 subterinducis
1286 2783 1330 2843 1,
1375 2782 1438 2828 39
1477 2773 1611 2846 (40),
1653 2783 1700 2828 5.
1760 2780 1859 2826 huc

178 2854 382 2917 accedit,
424 2854 558 2916 quod
584 2855 954 2918 quinquaginta
979 2870 1061 2902 sex
1084 2855 1206 2902 folia
1230 2854 1302 2901 ita
1328 2856 1444 2901 sunt
1467 2870 1638 2902 umore
1663 2853 1860 2915 vitiata,

177 2930 240 2974 ut
279 2944 451 2976 eorum
491 2928 649 2975 altera
686 2944 801 2989 pars
840 2928 1058 2991 minime,
1100 2929 1258 2976 altera
1298 2928 1508 2989 carptim
1546 2928 1643 2991 legi
1684 2926 1859 2989 possit.
