2072 3145
724 121 919 168 AGRIC.
945 122 1075 166 ΧΠΠ
1097 127 1273 167 48—96
1734 121 1842 175 265

662 288 757 340 DE
798 287 1002 340 MALO
1044 286 1337 341 PVNICO.

230 391 437 446 Punica
474 411 585 445 non
625 393 759 445 alios
799 412 1058 462 umquam
1099 393 1321 463 dignata
1361 411 1581 461 sapores

306 467 451 519 mala
490 486 589 520 nec
629 467 863 520 externis
906 467 1180 520 adsociata
1220 467 1403 533 comiS‚

228 541 350 610 ipsa
389 560 514 594 suas
556 539 758 611 augent
798 544 1007 593 mutato
1050 542 1251 593 semine
1292 559 1534 610 gemmas

108 635 130 667 5
306 618 361 667 et
401 615 506 667 sibi
547 618 780 685 cognato
820 615 968 684 picta
1007 617 1204 668 rubore
1244 615 1471 685 placent.

823 792 922 845 DE
963 791 1183 847 POMO.

228 896 405 949 Insita
441 897 683 965 proceris
723 897 904 967 pergit
945 915 1285 949 concrescere
1325 897 1490 948 ramis

305 974 361 1023 eb
401 971 605 1024 sociam
645 975 825 1023 mutat
864 971 1038 1023 malus
1080 972 1251 1022 amica
1290 971 1469 1039 pirum

230 1062 393 1114 seque
433 1045 577 1098 feros
619 1045 771 1098 siluis
811 1045 1062 1097 hortatur
1101 1045 1343 1114 linquere
1384 1063 1560 1097 mores

86 1140 132 1170 10
305 1122 361 1171 et
399 1124 562 1188 partu
602 1120 800 1189 gaudela
838 1119 1102 1171 nobiliore
1143 1118 1264 1171 frui.

232 1192 521 1262 spiniferas
561 1212 764 1262 prunos
807 1197 1121 1261 armataque
1161 1194 1360 1245 robora
1400 1197 1578 1245 sentes

304 1267 513 1337 leuigab
554 1271 607 1319 et
646 1267 888 1336 pulchris
929 1268 1097 1320 uestit
1138 1267 1320 1319 adulta
1360 1267 1543 1319 comis,

230 1339 484 1412 exiguam
524 1342 746 1394 sorbum
786 1340 929 1393 dulci
968 1342 1271 1394 distendere
1312 1359 1438 1393 suco

302 1416 460 1468 nouit
502 1419 556 1467 et
596 1416 660 1467 ad
703 1415 922 1484 cupidas
963 1417 1177 1467 flectere
1217 1434 1378 1483 poma
1418 1433 1624 1467 manus,

85 1511 130 1543 15
230 1488 511 1558 sizipitibus
553 1489 753 1559 gaudeb
791 1508 989 1541 nomen
1021 1492 1230 1541 mutare
1272 1489 1497 1559 salignis

305 1567 360 1616 ei:
398 1567 619 1633 gratum
659 1562 931 1632 Nymphis
974 1582 1226 1633 spargere
1266 1564 1397 1615 flore
1436 1581 1639 1615 nemus,

227 1637 428 1690 robora
467 1637 778 1707 thyrsigero
818 1638 1026 1706 platani
1068 1637 1352 1690 concordia
1392 1636 1605 1690 Baccho

301 1710 506 1763 fetibus
545 1712 788 1763 instituit
826 1712 986 1779 plena
1025 1712 1216 1763 rubere
1255 1711 1426 1762 nouis,

230 1784 380 1838 illius
420 1784 672 1838 insolitas
713 1785 944 1838 miratur
982 1785 1223 1854 persicus
1263 1786 1483 1837 umbras

88 1881 133 1912 20
304 1860 674 1928 populeaeque
714 1859 898 1911 ferunt
939 1858 1164 1912 candida
1204 1860 1342 1911 dona
1383 1877 1580 1911 comae.

231 1933 493 2002 mespilus
533 1933 659 1987 huic
699 1937 854 2002 paret
892 1933 1243 2002 lapidosaque
1283 1933 1493 1986 uiscera
1534 1936 1752 1985 mutans

305 2007 549 2060 tenditur
588 2011 642 2060 et
680 2008 839 2060 niueo
879 2008 1038 2076 plena
1076 2008 1286 2076 liquore
1326 2007 1497 2059 rubet.

228 2099 329 2150 pro
373 2081 596 2134 sudibus
636 2081 763 2134 fetis
806 2084 860 2134 et
898 2100 996 2150 pro
1035 2080 1462 2151 praegnantibus
1505 2081 1668 2134 armis

303 2160 586 2209 castaneae
625 2155 839 2208 fuluum
879 2156 1010 2208 dant
1047 2175 1191 2208 noua
1230 2155 1373 2207 mala
1413 2156 1587 2208 decus

81 2353 126 2386 25
761 2332 859 2385 DE
900 2331 1224 2386 PERSICO.

225 2434 356 2505 Ipsa
396 2454 522 2488 suos
564 2439 752 2488 onerat
793 2436 1005 2488 meliori
1047 2437 1286 2506 germine
1326 2454 1506 2489 ramos

299 2510 541 2579 persicus
582 2514 636 2563 eb
675 2529 847 2578 pruno
889 2511 992 2563 scit
1033 2511 1237 2563 sociare
1278 2528 1447 2580 genus

208 2716 212 2720 -
271 2687 296 2728 1
329 2682 410 2727 DE
441 2683 609 2728 MALO
642 2685 701 2739 A,
734 2684 802 2726 De
834 2684 958 2727 malo
993 2684 1082 2727 Seu
1114 2685 1254 2728 Pomo
1288 2686 1336 2728 D
1398 2688 1412 2742 ΙΙ
1474 2690 1498 2728 3
1532 2685 1659 2729 socia
1691 2686 1794 2729 Bli
1823 2686 1839 2745 Η

149 2746 207 2786 11
242 2741 499 2800 Spiniferos
531 2744 576 2786 B
605 2747 610 2800 Ι
637 2743 811 2801 primos
843 2744 891 2787 D
916 2745 930 2799 ΙΙ
965 2749 1017 2787 13
1053 2743 1323 2787 discendere
1356 2745 1459 2788 BD
1492 2747 1506 2800 Η
1547 2750 1600 2788 16
1631 2744 1837 2802 nimphis

147 2801 310 2846 ΑΘΗ
326 2803 341 2858 ΙΙ
367 2806 420 2845 17
452 2801 704 2860 thirsigero
735 2803 795 2855 A,
828 2802 1056 2860 tyrsigero
1089 2804 1146 2846 H
1169 2805 1173 2861 Ι
1212 2804 1362 2846 bacho
1395 2804 1506 2847 AH
1532 2806 1545 2859 ΙΙ
1584 2809 1636 2848 18
1668 2805 1837 2849 rubore

150 2861 442 2905 ABDHia
487 2863 501 2917 ΙΙ
556 2867 611 2905 20
642 2860 942 2917 Populaeque
978 2863 1015 2905 C
1042 2864 1114 2918 (ae
1146 2864 1199 2905 in
1229 2865 1337 2917 ras.)
1396 2865 1401 2919 Ι
1458 2877 1597 2919 poma
1628 2864 1798 2907 ADH
1822 2864 1838 2921 11

151 2923 208 2963 21
239 2921 437 2977 paresA
461 2922 476 2977 ll
508 2925 562 2964 23
587 2922 624 2964 P
650 2921 871 2964 suibusA
900 2923 905 2979 Ι
932 2921 1270 2978 pregnantibus
1287 2922 1387 2965 AB
1422 2924 1437 2979 ΙΙ
1474 2927 1526 2965 27
1559 2923 1708 2979 primo
1733 2924 1836 2967 AD

1862 541 1933 594 75

1862 1120 1934 1173 80

1861 1491 1933 1543 85

1860 1859 1935 1913 90

1856 2437 1929 2491 95
