<?xml version="1.0" encoding="UTF-8"?>
<!DOCTYPE html PUBLIC "-//W3C//DTD XHTML 1.0 Transitional//EN"
    "http://www.w3.org/TR/xhtml1/DTD/xhtml1-transitional.dtd">
<html xmlns="http://www.w3.org/1999/xhtml" xml:lang="en" lang="en">
 <head>
  <title>
</title>
<meta http-equiv="Content-Type" content="text/html;charset=utf-8" />
  <meta name='ocr-system' content='tesseract 3.04.00' />
  <meta name='ocr-capabilities' content='ocr_page ocr_carea ocr_par ocr_line ocrx_word'/>
</head>
<body>
  <div class='ocr_page' id='page_1' title='image "./palladiirvtiliit00palluoft_0262.png"; bbox 0 0 2014 3169; ppageno 0'>
   <div class='ocr_carea' id='block_1_1' title="bbox 205 88 1186 138">
    <p class='ocr_par' dir='ltr' id='par_1_1' title="bbox 205 88 1186 138">
     <span class='ocr_line' id='line_1_1' title="bbox 205 88 1186 138; baseline -0.008 0"><span class='ocrx_word' id='word_1_1' title='bbox 205 88 312 138; x_wconf 77' lang='lat'>240</span> <span class='ocrx_word' id='word_1_2' title='bbox 904 89 1186 132; x_wconf 77' lang='lat' dir='ltr'><strong>PALLADE</strong></span> 
     </span>
    </p>
   </div>
   <div class='ocr_carea' id='block_1_2' title="bbox 121 208 1964 2283">
    <p class='ocr_par' dir='ltr' id='par_1_2' title="bbox 203 208 1957 722">
     <span class='ocr_line' id='line_1_2' title="bbox 205 208 1890 279; baseline 0 -17"><span class='ocrx_word' id='word_1_3' title='bbox 205 210 297 262; x_wconf 89' lang='lat' dir='ltr'>sed</span> <span class='ocrx_word' id='word_1_4' title='bbox 334 209 550 278; x_wconf 84' lang='lat' dir='ltr'>plantas</span> <span class='ocrx_word' id='word_1_5' title='bbox 590 209 693 261; x_wconf 88' lang='lat' dir='ltr'>hoc</span> <span class='ocrx_word' id='word_1_6' title='bbox 733 211 891 262; x_wconf 92' lang='lat' dir='ltr'>modo</span> <span class='ocrx_word' id='word_1_7' title='bbox 931 213 1247 279; x_wconf 87' lang='lat' dir='ltr'>procurant,</span> <span class='ocrx_word' id='word_1_8' title='bbox 1295 211 1357 260; x_wconf 93' lang='lat' dir='ltr'>ut</span> <span class='ocrx_word' id='word_1_9' title='bbox 1402 208 1552 277; x_wconf 90' lang='lat' dir='ltr'>prius</span> <span class='ocrx_word' id='word_1_10' title='bbox 1600 209 1773 261; x_wconf 86' lang='lat' dir='ltr'>multa</span> <span class='ocrx_word' id='word_1_11' title='bbox 1812 227 1890 262; x_wconf 83' lang='lat' dir='ltr'>se-</span> 
     </span>
     <span class='ocr_line' id='line_1_3' title="bbox 205 283 1889 352; baseline 0.001 -17"><span class='ocrx_word' id='word_1_12' title='bbox 205 283 351 335; x_wconf 90' lang='lat' dir='ltr'>mina</span> <span class='ocrx_word' id='word_1_13' title='bbox 390 284 447 335; x_wconf 89' lang='lat' dir='ltr'>in</span> <span class='ocrx_word' id='word_1_14' title='bbox 487 283 727 336; x_wconf 91' lang='lat' dir='ltr'>caliculis</span> <span class='ocrx_word' id='word_1_15' title='bbox 769 288 916 336; x_wconf 89' lang='lat' dir='ltr'>terra</span> <span class='ocrx_word' id='word_1_16' title='bbox 960 288 1014 336; x_wconf 90' lang='lat' dir='ltr'>et</span> <span class='ocrx_word' id='word_1_17' title='bbox 1045 285 1174 336; x_wconf 89' lang='lat' dir='ltr'>fimo</span> <span class='ocrx_word' id='word_1_18' title='bbox 1207 283 1429 351; x_wconf 89' lang='lat' dir='ltr'>repletis</span> <span class='ocrx_word' id='word_1_19' title='bbox 1463 284 1711 351; x_wconf 89' lang='lat' dir='ltr'>obruant,</span> <span class='ocrx_word' id='word_1_20' title='bbox 1752 301 1889 352; x_wconf 90' lang='lat' dir='ltr'>quae</span> 
     </span>
     <span class='ocr_line' id='line_1_4' title="bbox 203 355 1891 427; baseline -0.001 -17"><span class='ocrx_word' id='word_1_21' title='bbox 203 358 297 410; x_wconf 90' lang='lat' dir='ltr'>ubi</span> <span class='ocrx_word' id='word_1_22' title='bbox 329 359 705 426; x_wconf 72' lang='lat' dir='ltr'>processerint,</span> <span class='ocrx_word' id='word_1_23' title='bbox 738 358 928 411; x_wconf 89' lang='lat' dir='ltr'>relicto</span> <span class='ocrx_word' id='word_1_24' title='bbox 963 377 1041 427; x_wconf 81' lang='grc' dir='ltr'>6ο,</span> <span class='ocrx_word' id='word_1_25' title='bbox 1075 358 1219 427; x_wconf 87' lang='lat' dir='ltr'>quod</span> <span class='ocrx_word' id='word_1_26' title='bbox 1251 357 1475 409; x_wconf 84' lang='lat' dir='ltr'>solidius</span> <span class='ocrx_word' id='word_1_27' title='bbox 1509 361 1607 426; x_wconf 87' lang='lat' dir='ltr'>est,</span> <span class='ocrx_word' id='word_1_28' title='bbox 1640 355 1891 410; x_wconf 87' lang='lat' dir='ltr'>auferunt</span> 
     </span>
     <span class='ocr_line' id='line_1_5' title="bbox 206 431 1889 501; baseline 0.001 -19"><span class='ocrx_word' id='word_1_29' title='bbox 206 432 332 483; x_wconf 89' lang='lat' dir='ltr'>alia:</span> <span class='ocrx_word' id='word_1_30' title='bbox 380 431 473 483; x_wconf 91' lang='lat' dir='ltr'>ubi</span> <span class='ocrx_word' id='word_1_31' title='bbox 511 431 717 483; x_wconf 84' lang='lat' dir='ltr'>iustum</span> <span class='ocrx_word' id='word_1_32' title='bbox 766 433 968 501; x_wconf 87' lang='lat' dir='ltr'>ceperit</span> <span class='ocrx_word' id='word_1_33' title='bbox 1015 433 1430 498; x_wconf 85' lang='lat' dir='ltr'>incrementum,</span> <span class='ocrx_word' id='word_1_34' title='bbox 1477 431 1698 483; x_wconf 90' lang='lat' dir='ltr'>trimam</span> <span class='ocrx_word' id='word_1_35' title='bbox 1737 431 1889 499; x_wconf 85' lang='lat' dir='ltr'>plan-</span> 
     </span>
     <span class='ocr_line' id='line_1_6' title="bbox 204 503 1957 574; baseline 0.001 -17"><span class='ocrx_word' id='word_1_36' title='bbox 204 509 318 557; x_wconf 90' lang='lat' dir='ltr'>tam</span> <span class='ocrx_word' id='word_1_37' title='bbox 359 525 479 558; x_wconf 90' lang='lat' dir='ltr'>cum</span> <span class='ocrx_word' id='word_1_38' title='bbox 518 505 653 574; x_wconf 88' lang='lat' dir='ltr'>ipsis</span> <span class='ocrx_word' id='word_1_39' title='bbox 695 507 936 559; x_wconf 88' lang='lat' dir='ltr'>caliculis</span> <span class='ocrx_word' id='word_1_40' title='bbox 977 507 1328 573; x_wconf 86' lang='lat' dir='ltr'>transferunt,</span> <span class='ocrx_word' id='word_1_41' title='bbox 1369 503 1562 574; x_wconf 80' lang='lat' dir='ltr'>quibus</span> <span class='ocrx_word' id='word_1_42' title='bbox 1603 505 1793 558; x_wconf 83' lang='lat' dir='ltr'>fractis</span> <span class='ocrx_word' id='word_1_43' title='bbox 1833 505 1890 556; x_wconf 83' lang='lat' dir='ltr'>in</span> <span class='ocrx_word' id='word_1_44' title='bbox 1937 526 1957 558; x_wconf 87' lang='lat'>5</span> 
     </span>
     <span class='ocr_line' id='line_1_7' title="bbox 207 580 1890 650; baseline 0.001 -19"><span class='ocrx_word' id='word_1_45' title='bbox 207 582 395 632; x_wconf 81' lang='lat' dir='ltr'>scrobe</span> <span class='ocrx_word' id='word_1_46' title='bbox 435 580 721 649; x_wconf 82' lang='lat' dir='ltr'>indulgent</span> <span class='ocrx_word' id='word_1_47' title='bbox 767 581 1039 633; x_wconf 81' lang='lat' dir='ltr'>radicibus</span> <span class='ocrx_word' id='word_1_48' title='bbox 1085 580 1413 650; x_wconf 78' lang='lat' dir='ltr'>largitatem.</span> <span class='ocrx_word' id='word_1_49' title='bbox 1491 583 1666 631; x_wconf 88' lang='lat' dir='ltr'>terrae</span> <span class='ocrx_word' id='word_1_50' title='bbox 1706 583 1890 632; x_wconf 88' lang='lat' dir='ltr'>tamen</span> 
     </span>
     <span class='ocr_line' id='line_1_8' title="bbox 207 653 1890 722; baseline 0 -17"><span class='ocrx_word' id='word_1_51' title='bbox 207 672 372 722; x_wconf 88' lang='lat' dir='ltr'>aeque</span> <span class='ocrx_word' id='word_1_52' title='bbox 422 659 628 707; x_wconf 90' lang='lat' dir='ltr'>stercus</span> <span class='ocrx_word' id='word_1_53' title='bbox 679 655 977 707; x_wconf 86' lang='lat' dir='ltr'>admiscent</span> <span class='ocrx_word' id='word_1_54' title='bbox 1023 655 1282 707; x_wconf 70' lang='lat' dir='ltr'>facientes</span> <span class='ocrx_word' id='word_1_55' title='bbox 1332 656 1629 705; x_wconf 89' lang='lat' dir='ltr'>straturam</span> <span class='ocrx_word' id='word_1_56' title='bbox 1680 653 1890 706; x_wconf 88' lang='lat' dir='ltr'>alterno</span> 
     </span>
    </p>

    <p class='ocr_par' dir='ltr' id='par_1_3' title="bbox 121 728 1961 1525">
     <span class='ocr_line' id='line_1_9' title="bbox 121 728 1893 795; baseline -0.003 -11"><span class='ocrx_word' id='word_1_57' title='bbox 121 733 187 784; x_wconf 73' lang='lat'>1⁵2</span> <span class='ocrx_word' id='word_1_58' title='bbox 207 729 392 781; x_wconf 89' lang='lat' dir='ltr'>ordine</span> <span class='ocrx_word' id='word_1_59' title='bbox 432 729 658 781; x_wconf 85' lang='lat' dir='ltr'>subinde</span> <span class='ocrx_word' id='word_1_60' title='bbox 700 733 1041 781; x_wconf 72' lang='lat' dir='ltr'>crescentem.</span> <span class='ocrx_word' id='word_1_61' title='bbox 1107 728 1430 781; x_wconf 84' lang='lat' dir='ltr'>seruandum</span> <span class='ocrx_word' id='word_1_62' title='bbox 1471 731 1553 779; x_wconf 89' lang='lat' dir='ltr'>est</span> <span class='ocrx_word' id='word_1_63' title='bbox 1591 731 1791 795; x_wconf 84' lang='lat' dir='ltr'>tamen,</span> <span class='ocrx_word' id='word_1_64' title='bbox 1830 729 1893 779; x_wconf 90' lang='lat' dir='ltr'>ut</span> 
     </span>
     <span class='ocr_line' id='line_1_10' title="bbox 205 801 1892 872; baseline -0.001 -18"><span class='ocrx_word' id='word_1_65' title='bbox 205 802 356 855; x_wconf 84' lang='lat' dir='ltr'>radix</span> <span class='ocrx_word' id='word_1_66' title='bbox 397 803 526 870; x_wconf 77' lang='lat' dir='ltr'>eiUS,</span> <span class='ocrx_word' id='word_1_67' title='bbox 568 822 701 872; x_wconf 88' lang='lat' dir='ltr'>quae</span> <span class='ocrx_word' id='word_1_68' title='bbox 742 822 849 856; x_wconf 91' lang='lat' dir='ltr'>una</span> <span class='ocrx_word' id='word_1_69' title='bbox 890 807 943 855; x_wconf 92' lang='lat' dir='ltr'>et</span> <span class='ocrx_word' id='word_1_70' title='bbox 984 804 1187 856; x_wconf 90' lang='lat' dir='ltr'>directa</span> <span class='ocrx_word' id='word_1_71' title='bbox 1221 807 1319 872; x_wconf 86' lang='lat' dir='ltr'>est,</span> <span class='ocrx_word' id='word_1_72' title='bbox 1358 819 1526 870; x_wconf 86' lang='lat' dir='ltr'>usque</span> <span class='ocrx_word' id='word_1_73' title='bbox 1567 801 1632 853; x_wconf 92' lang='lat' dir='ltr'>ad</span> <span class='ocrx_word' id='word_1_74' title='bbox 1673 802 1892 853; x_wconf 88' lang='lat' dir='ltr'>summi-</span> 
     </span>
     <span class='ocr_line' id='line_1_11' title="bbox 205 875 1960 948; baseline -0.001 -20"><span class='ocrx_word' id='word_1_75' title='bbox 205 880 377 930; x_wconf 84' lang='lat' dir='ltr'>tatem</span> <span class='ocrx_word' id='word_1_76' title='bbox 417 896 571 929; x_wconf 89' lang='lat' dir='ltr'>suam</span> <span class='ocrx_word' id='word_1_77' title='bbox 609 879 786 946; x_wconf 85' lang='lat' dir='ltr'>possit</span> <span class='ocrx_word' id='word_1_78' title='bbox 825 879 1042 948; x_wconf 83' lang='lat' dir='ltr'>integra</span> <span class='ocrx_word' id='word_1_79' title='bbox 1081 881 1135 930; x_wconf 88' lang='lat' dir='ltr'>et</span> <span class='ocrx_word' id='word_1_80' title='bbox 1174 877 1378 929; x_wconf 86' lang='lat' dir='ltr'>inlaesa</span> <span class='ocrx_word' id='word_1_81' title='bbox 1424 875 1721 927; x_wconf 84' lang='lat' dir='ltr'>transferri.</span> <span class='ocrx_word' id='word_1_82' title='bbox 1798 895 1892 944; x_wconf 88' lang='lat' dir='ltr'>pu·</span> <span class='ocrx_word' id='word_1_83' title='bbox 1916 898 1960 928; x_wconf 74' lang='grc' dir='ltr'>ιο</span> 
     </span>
     <span class='ocr_line' id='line_1_12' title="bbox 206 949 1894 1021; baseline -0.002 -17"><span class='ocrx_word' id='word_1_84' title='bbox 206 952 344 1004; x_wconf 88' lang='lat' dir='ltr'>tatio</span> <span class='ocrx_word' id='word_1_85' title='bbox 393 952 638 1004; x_wconf 89' lang='lat' dir='ltr'>nouellas</span> <span class='ocrx_word' id='word_1_86' title='bbox 685 952 801 1021; x_wconf 90' lang='lat' dir='ltr'>pini</span> <span class='ocrx_word' id='word_1_87' title='bbox 849 953 1069 1004; x_wconf 90' lang='lat' dir='ltr'>arbores</span> <span class='ocrx_word' id='word_1_88' title='bbox 1121 955 1336 1003; x_wconf 83' lang='lat' dir='ltr'>tantum</span> <span class='ocrx_word' id='word_1_89' title='bbox 1383 953 1696 1020; x_wconf 90' lang='lat' dir='ltr'>promouet,</span> <span class='ocrx_word' id='word_1_90' title='bbox 1750 949 1894 1018; x_wconf 90' lang='lat' dir='ltr'>quod</span> 
     </span>
     <span class='ocr_line' id='line_1_13' title="bbox 207 1023 1895 1095; baseline -0.002 -17"><span class='ocrx_word' id='word_1_91' title='bbox 207 1030 459 1094; x_wconf 81' lang='lat' dir='ltr'>expertus</span> <span class='ocrx_word' id='word_1_92' title='bbox 503 1045 636 1095; x_wconf 85' lang='lat' dir='ltr'>sum,</span> <span class='ocrx_word' id='word_1_93' title='bbox 677 1029 752 1094; x_wconf 81' lang='lat' dir='ltr'>ut,</span> <span class='ocrx_word' id='word_1_94' title='bbox 794 1045 928 1095; x_wconf 87' lang='lat' dir='ltr'>quae</span> <span class='ocrx_word' id='word_1_95' title='bbox 970 1043 1287 1095; x_wconf 85' lang='lat' dir='ltr'>speraueras</span> <span class='ocrx_word' id='word_1_96' title='bbox 1329 1025 1683 1093; x_wconf 80' lang='lat' dir='ltr'>incrementa,</span> <span class='ocrx_word' id='word_1_97' title='bbox 1724 1023 1895 1092; x_wconf 86' lang='lat' dir='ltr'>dupli-</span> 
     </span>
     <span class='ocr_line' id='line_1_14' title="bbox 207 1097 1893 1170; baseline -0.002 -18"><span class='ocrx_word' id='word_1_98' title='bbox 207 1105 407 1153; x_wconf 88' lang='lat' dir='ltr'>centur.</span> <span class='ocrx_word' id='word_1_99' title='bbox 472 1119 634 1153; x_wconf 89' lang='lat' dir='ltr'>nuces</span> <span class='ocrx_word' id='word_1_100' title='bbox 675 1101 865 1169; x_wconf 87' lang='lat' dir='ltr'>pineae</span> <span class='ocrx_word' id='word_1_101' title='bbox 905 1119 1073 1170; x_wconf 79' lang='lat' dir='ltr'>usque</span> <span class='ocrx_word' id='word_1_102' title='bbox 1113 1101 1171 1152; x_wconf 88' lang='lat' dir='ltr'>in</span> <span class='ocrx_word' id='word_1_103' title='bbox 1209 1101 1313 1152; x_wconf 87' lang='lat' dir='ltr'>hoc</span> <span class='ocrx_word' id='word_1_104' title='bbox 1353 1102 1566 1168; x_wconf 89' lang='lat' dir='ltr'>tempus</span> <span class='ocrx_word' id='word_1_105' title='bbox 1607 1099 1663 1150; x_wconf 91' lang='lat' dir='ltr'>in</span> <span class='ocrx_word' id='word_1_106' title='bbox 1704 1097 1893 1150; x_wconf 89' lang='lat' dir='ltr'>arbore</span> 
     </span>
     <span class='ocr_line' id='line_1_15' title="bbox 208 1173 1896 1244; baseline -0.001 -18"><span class='ocrx_word' id='word_1_107' title='bbox 208 1193 324 1227; x_wconf 86' lang='lat' dir='ltr'>esse</span> <span class='ocrx_word' id='word_1_108' title='bbox 376 1182 607 1244; x_wconf 91' lang='lat' dir='ltr'>possunt</span> <span class='ocrx_word' id='word_1_109' title='bbox 662 1180 716 1228; x_wconf 89' lang='lat' dir='ltr'>et</span> <span class='ocrx_word' id='word_1_110' title='bbox 775 1176 1098 1228; x_wconf 82' lang='lat' dir='ltr'>maturiores</span> <span class='ocrx_word' id='word_1_111' title='bbox 1155 1175 1420 1244; x_wconf 81' lang='lat' dir='ltr'>legentur.</span> <span class='ocrx_word' id='word_1_112' title='bbox 1503 1173 1652 1241; x_wconf 88' lang='lat' dir='ltr'>prius</span> <span class='ocrx_word' id='word_1_113' title='bbox 1712 1175 1896 1224; x_wconf 88' lang='lat' dir='ltr'>tamen</span> 
     </span>
     <span class='ocr_line' id='line_1_16' title="bbox 207 1245 1961 1319; baseline -0.001 -18"><span class='ocrx_word' id='word_1_114' title='bbox 207 1248 465 1319; x_wconf 81' lang='lat' dir='ltr'>legendae</span> <span class='ocrx_word' id='word_1_115' title='bbox 517 1254 666 1318; x_wconf 84' lang='lat' dir='ltr'>sunt,</span> <span class='ocrx_word' id='word_1_116' title='bbox 720 1268 881 1318; x_wconf 88' lang='lat' dir='ltr'>quam</span> <span class='ocrx_word' id='word_1_117' title='bbox 932 1252 1226 1318; x_wconf 85' lang='lat' dir='ltr'>patescant.</span> <span class='ocrx_word' id='word_1_118' title='bbox 1305 1248 1483 1300; x_wconf 88' lang='lat' dir='ltr'>nuclei</span> <span class='ocrx_word' id='word_1_119' title='bbox 1528 1247 1635 1299; x_wconf 87' lang='lat' dir='ltr'>nisi</span> <span class='ocrx_word' id='word_1_120' title='bbox 1675 1245 1895 1316; x_wconf 85' lang='lat' dir='ltr'>purgati</span> <span class='ocrx_word' id='word_1_121' title='bbox 1919 1267 1961 1300; x_wconf 87' lang='lat'>15</span> 
     </span>
     <span class='ocr_line' id='line_1_17' title="bbox 209 1321 1893 1393; baseline -0.002 -18"><span class='ocrx_word' id='word_1_122' title='bbox 209 1324 399 1376; x_wconf 90' lang='lat' dir='ltr'>durare</span> <span class='ocrx_word' id='word_1_123' title='bbox 439 1343 549 1376; x_wconf 91' lang='lat' dir='ltr'>non</span> <span class='ocrx_word' id='word_1_124' title='bbox 587 1329 832 1393; x_wconf 88' lang='lat' dir='ltr'>possunt.</span> <span class='ocrx_word' id='word_1_125' title='bbox 910 1328 1095 1376; x_wconf 91' lang='lat' dir='ltr'>tamen</span> <span class='ocrx_word' id='word_1_126' title='bbox 1137 1321 1304 1391; x_wconf 88' lang='lat' dir='ltr'>aliqui</span> <span class='ocrx_word' id='word_1_127' title='bbox 1351 1323 1408 1374; x_wconf 91' lang='lat' dir='ltr'>in</span> <span class='ocrx_word' id='word_1_128' title='bbox 1447 1321 1592 1374; x_wconf 87' lang='lat' dir='ltr'>uasis</span> <span class='ocrx_word' id='word_1_129' title='bbox 1632 1321 1893 1374; x_wconf 84' lang='lat' dir='ltr'>fictilibus</span> 
     </span>
     <span class='ocr_line' id='line_1_18' title="bbox 206 1396 1895 1467; baseline -0.001 -18"><span class='ocrx_word' id='word_1_130' title='bbox 206 1398 364 1450; x_wconf 91' lang='lat' dir='ltr'>nouis</span> <span class='ocrx_word' id='word_1_131' title='bbox 399 1402 453 1450; x_wconf 90' lang='lat' dir='ltr'>et</span> <span class='ocrx_word' id='word_1_132' title='bbox 485 1402 630 1451; x_wconf 88' lang='lat' dir='ltr'>terra</span> <span class='ocrx_word' id='word_1_133' title='bbox 662 1399 883 1467; x_wconf 87' lang='lat' dir='ltr'>repletis</span> <span class='ocrx_word' id='word_1_134' title='bbox 919 1417 1041 1451; x_wconf 92' lang='lat' dir='ltr'>cum</span> <span class='ocrx_word' id='word_1_135' title='bbox 1074 1398 1231 1450; x_wconf 88' lang='lat' dir='ltr'>testis</span> <span class='ocrx_word' id='word_1_136' title='bbox 1266 1397 1377 1449; x_wconf 90' lang='lat' dir='ltr'>suis</span> <span class='ocrx_word' id='word_1_137' title='bbox 1411 1396 1607 1448; x_wconf 90' lang='lat' dir='ltr'>missos</span> <span class='ocrx_word' id='word_1_138' title='bbox 1639 1396 1895 1448; x_wconf 86' lang='lat' dir='ltr'>adserunt</span> 
     </span>
     <span class='ocr_line' id='line_1_19' title="bbox 209 1472 485 1525; baseline 0 0"><span class='ocrx_word' id='word_1_139' title='bbox 209 1472 485 1525; x_wconf 89' lang='lat' dir='ltr'>custodiri.</span> 
     </span>
    </p>

    <p class='ocr_par' dir='ltr' id='par_1_4' title="bbox 123 1546 1964 2135">
     <span class='ocr_line' id='line_1_20' title="bbox 123 1546 1894 1617; baseline -0.003 -17"><span class='ocrx_word' id='word_1_140' title='bbox 123 1549 188 1601; x_wconf 83' lang='lat'>13</span> <span class='ocrx_word' id='word_1_141' title='bbox 321 1546 498 1617; x_wconf 84' lang='lat' dir='ltr'>Pruna</span> <span class='ocrx_word' id='word_1_142' title='bbox 550 1548 594 1599; x_wconf 87' lang='lat' dir='ltr'>si</span> <span class='ocrx_word' id='word_1_143' title='bbox 648 1546 860 1599; x_wconf 87' lang='lat' dir='ltr'>ossibus</span> <span class='ocrx_word' id='word_1_144' title='bbox 914 1549 1162 1598; x_wconf 90' lang='lat' dir='ltr'>serantur</span> <span class='ocrx_word' id='word_1_145' title='bbox 1222 1548 1505 1611; x_wconf 80' lang='lat' dir='ltr'>autumnO,</span> <span class='ocrx_word' id='word_1_146' title='bbox 1564 1561 1745 1596; x_wconf 88' lang='lat' dir='ltr'>mense</span> <span class='ocrx_word' id='word_1_147' title='bbox 1800 1561 1894 1596; x_wconf 90' lang='lat' dir='ltr'>no-</span> 
     </span>
     <span class='ocr_line' id='line_1_21' title="bbox 208 1618 1964 1690; baseline -0.002 -17"><span class='ocrx_word' id='word_1_148' title='bbox 208 1621 420 1673; x_wconf 89' lang='lat' dir='ltr'>uembri</span> <span class='ocrx_word' id='word_1_149' title='bbox 460 1621 577 1674; x_wconf 90' lang='lat' dir='ltr'>solo</span> <span class='ocrx_word' id='word_1_150' title='bbox 620 1622 766 1690; x_wconf 90' lang='lat' dir='ltr'>putri</span> <span class='ocrx_word' id='word_1_151' title='bbox 809 1625 862 1673; x_wconf 86' lang='lat' dir='ltr'>et</span> <span class='ocrx_word' id='word_1_152' title='bbox 903 1621 1128 1673; x_wconf 90' lang='lat' dir='ltr'>subacto</span> <span class='ocrx_word' id='word_1_153' title='bbox 1170 1620 1378 1671; x_wconf 89' lang='lat' dir='ltr'>duobus</span> <span class='ocrx_word' id='word_1_154' title='bbox 1425 1618 1623 1687; x_wconf 89' lang='lat' dir='ltr'>palmis</span> <span class='ocrx_word' id='word_1_155' title='bbox 1665 1618 1894 1669; x_wconf 84' lang='lat' dir='ltr'>obruan-</span> <span class='ocrx_word' id='word_1_156' title='bbox 1920 1640 1964 1670; x_wconf 81' lang='lat'>20</span> 
     </span>
     <span class='ocr_line' id='line_1_22' title="bbox 209 1691 1897 1764; baseline -0.002 -17"><span class='ocrx_word' id='word_1_157' title='bbox 209 1699 312 1747; x_wconf 88' lang='lat' dir='ltr'>tur.</span> <span class='ocrx_word' id='word_1_158' title='bbox 393 1714 517 1748; x_wconf 88' lang='lat' dir='ltr'>ossa</span> <span class='ocrx_word' id='word_1_159' title='bbox 558 1696 743 1748; x_wconf 86' lang='lat' dir='ltr'>eadem</span> <span class='ocrx_word' id='word_1_160' title='bbox 783 1698 1058 1764; x_wconf 75' lang='lat' dir='ltr'>ponuntur</span> <span class='ocrx_word' id='word_1_161' title='bbox 1106 1698 1159 1746; x_wconf 92' lang='lat' dir='ltr'>et</span> <span class='ocrx_word' id='word_1_162' title='bbox 1207 1711 1388 1745; x_wconf 89' lang='lat' dir='ltr'>mense</span> <span class='ocrx_word' id='word_1_163' title='bbox 1435 1692 1725 1745; x_wconf 85' lang='lat' dir='ltr'>februario.</span> <span class='ocrx_word' id='word_1_164' title='bbox 1804 1691 1897 1744; x_wconf 89' lang='lat' dir='ltr'>sed</span> 
     </span>
     <span class='ocr_line' id='line_1_23' title="bbox 208 1766 1898 1839; baseline -0.003 -18"><span class='ocrx_word' id='word_1_165' title='bbox 208 1773 338 1822; x_wconf 91' lang='lat' dir='ltr'>tunc</span> <span class='ocrx_word' id='word_1_166' title='bbox 388 1770 538 1839; x_wconf 88' lang='lat' dir='ltr'>prius</span> <span class='ocrx_word' id='word_1_167' title='bbox 593 1770 771 1822; x_wconf 85' lang='lat' dir='ltr'>lexiuo</span> <span class='ocrx_word' id='word_1_168' title='bbox 823 1773 948 1821; x_wconf 89' lang='lat' dir='ltr'>sunt</span> <span class='ocrx_word' id='word_1_169' title='bbox 1003 1769 1324 1821; x_wconf 87' lang='lat' dir='ltr'>maceranda</span> <span class='ocrx_word' id='word_1_170' title='bbox 1373 1786 1469 1836; x_wconf 91' lang='lat' dir='ltr'>per</span> <span class='ocrx_word' id='word_1_171' title='bbox 1520 1766 1781 1833; x_wconf 88' lang='lat' dir='ltr'>triduum,</span> <span class='ocrx_word' id='word_1_172' title='bbox 1835 1768 1898 1817; x_wconf 88' lang='lat' dir='ltr'>ut</span> 
     </span>
     <span class='ocr_line' id='line_1_24' title="bbox 211 1840 1896 1915; baseline -0.003 -19"><span class='ocrx_word' id='word_1_173' title='bbox 211 1844 319 1896; x_wconf 91' lang='lat' dir='ltr'>cito</span> <span class='ocrx_word' id='word_1_174' title='bbox 362 1845 664 1915; x_wconf 83' lang='lat' dir='ltr'>germinare</span> <span class='ocrx_word' id='word_1_175' title='bbox 705 1847 985 1914; x_wconf 78' lang='lat' dir='ltr'>cogantur.</span> <span class='ocrx_word' id='word_1_176' title='bbox 1063 1845 1341 1911; x_wconf 90' lang='lat' dir='ltr'>ponuntur</span> <span class='ocrx_word' id='word_1_177' title='bbox 1391 1845 1443 1893; x_wconf 90' lang='lat' dir='ltr'>et</span> <span class='ocrx_word' id='word_1_178' title='bbox 1489 1840 1716 1910; x_wconf 86' lang='lat' dir='ltr'>plantiS,</span> <span class='ocrx_word' id='word_1_179' title='bbox 1763 1857 1896 1908; x_wconf 85' lang='lat' dir='ltr'>quas</span> 
     </span>
     <span class='ocr_line' id='line_1_25' title="bbox 211 1914 1899 1972; baseline -0.002 -3"><span class='ocrx_word' id='word_1_180' title='bbox 211 1919 472 1971; x_wconf 90' lang='lat' dir='ltr'>sumimus</span> <span class='ocrx_word' id='word_1_181' title='bbox 507 1938 569 1971; x_wconf 80' lang='lat' dir='ltr'>ex</span> <span class='ocrx_word' id='word_1_182' title='bbox 603 1919 782 1972; x_wconf 83' lang='lat' dir='ltr'>codice</span> <span class='ocrx_word' id='word_1_183' title='bbox 815 1937 998 1971; x_wconf 90' lang='lat' dir='ltr'>mense</span> <span class='ocrx_word' id='word_1_184' title='bbox 1030 1917 1276 1969; x_wconf 90' lang='lat' dir='ltr'>ianuario</span> <span class='ocrx_word' id='word_1_185' title='bbox 1311 1918 1537 1968; x_wconf 84' lang='lat' dir='ltr'>exeunte</span> <span class='ocrx_word' id='word_1_186' title='bbox 1570 1915 1658 1967; x_wconf 88' lang='lat' dir='ltr'>uel</span> <span class='ocrx_word' id='word_1_187' title='bbox 1689 1914 1899 1966; x_wconf 88' lang='lat' dir='ltr'>februa-</span> 
     </span>
     <span class='ocr_line' id='line_1_26' title="bbox 210 1988 1964 2059; baseline -0.001 -16"><span class='ocrx_word' id='word_1_188' title='bbox 210 1992 290 2044; x_wconf 90' lang='lat' dir='ltr'>rio</span> <span class='ocrx_word' id='word_1_189' title='bbox 340 1993 482 2046; x_wconf 86' lang='lat' dir='ltr'>circa</span> <span class='ocrx_word' id='word_1_190' title='bbox 525 1993 645 2045; x_wconf 88' lang='lat' dir='ltr'>idus</span> <span class='ocrx_word' id='word_1_191' title='bbox 694 1993 965 2045; x_wconf 88' lang='lat' dir='ltr'>radicibus</span> <span class='ocrx_word' id='word_1_192' title='bbox 1021 1992 1149 2043; x_wconf 89' lang='lat' dir='ltr'>fimo</span> <span class='ocrx_word' id='word_1_193' title='bbox 1202 1990 1403 2044; x_wconf 82' lang='lat' dir='ltr'>oblitis,</span> <span class='ocrx_word' id='word_1_194' title='bbox 1490 1989 1728 2059; x_wconf 80' lang='lat' dir='ltr'>gaudent</span> <span class='ocrx_word' id='word_1_195' title='bbox 1777 1988 1896 2041; x_wconf 92' lang='lat' dir='ltr'>loco</span> <span class='ocrx_word' id='word_1_196' title='bbox 1922 2009 1964 2042; x_wconf 78' lang='lat'>25</span> 
     </span>
     <span class='ocr_line' id='line_1_27' title="bbox 210 2063 1900 2135; baseline -0.002 -17"><span class='ocrx_word' id='word_1_197' title='bbox 210 2067 354 2119; x_wconf 89' lang='lat' dir='ltr'>laeto</span> <span class='ocrx_word' id='word_1_198' title='bbox 382 2071 435 2119; x_wconf 92' lang='lat' dir='ltr'>et</span> <span class='ocrx_word' id='word_1_199' title='bbox 468 2068 673 2119; x_wconf 84' lang='lat' dir='ltr'>umido:</span> <span class='ocrx_word' id='word_1_200' title='bbox 707 2068 854 2120; x_wconf 87' lang='lat' dir='ltr'>caelo</span> <span class='ocrx_word' id='word_1_201' title='bbox 882 2067 1065 2135; x_wconf 88' lang='lat' dir='ltr'>tepido</span> <span class='ocrx_word' id='word_1_202' title='bbox 1100 2065 1293 2118; x_wconf 88' lang='lat' dir='ltr'>melius</span> <span class='ocrx_word' id='word_1_203' title='bbox 1319 2063 1684 2133; x_wconf 84' lang='lat' dir='ltr'>proferuntur,</span> <span class='ocrx_word' id='word_1_204' title='bbox 1715 2066 1900 2114; x_wconf 88' lang='lat' dir='ltr'>tamen</span> 
     </span>
    </p>

    <p class='ocr_par' dir='ltr' id='par_1_5' title="bbox 128 2136 1900 2283">
     <span class='ocr_line' id='line_1_28' title="bbox 128 2136 1899 2211; baseline -0.004 -16"><span class='ocrx_word' id='word_1_205' title='bbox 128 2144 195 2195; x_wconf 85' lang='lat'>14</span> <span class='ocrx_word' id='word_1_206' title='bbox 215 2145 417 2209; x_wconf 90' lang='lat' dir='ltr'>queunt</span> <span class='ocrx_word' id='word_1_207' title='bbox 458 2146 513 2193; x_wconf 92' lang='lat' dir='ltr'>et</span> <span class='ocrx_word' id='word_1_208' title='bbox 553 2141 812 2211; x_wconf 80' lang='lat' dir='ltr'>frigidum</span> <span class='ocrx_word' id='word_1_209' title='bbox 853 2141 1136 2193; x_wconf 81' lang='lat' dir='ltr'>sustinere.</span> <span class='ocrx_word' id='word_1_210' title='bbox 1213 2139 1348 2192; x_wconf 89' lang='lat' dir='ltr'>locis</span> <span class='ocrx_word' id='word_1_211' title='bbox 1390 2138 1651 2205; x_wconf 85' lang='lat' dir='ltr'>lapidosis</span> <span class='ocrx_word' id='word_1_212' title='bbox 1692 2140 1747 2189; x_wconf 87' lang='lat' dir='ltr'>et</span> <span class='ocrx_word' id='word_1_213' title='bbox 1787 2136 1899 2206; x_wconf 84' lang='lat' dir='ltr'>gla-</span> 
     </span>
     <span class='ocr_line' id='line_1_29' title="bbox 210 2215 1900 2283; baseline -0.004 -15"><span class='ocrx_word' id='word_1_214' title='bbox 210 2215 404 2283; x_wconf 62' lang='grc' dir='ltr'>16οεὶ3,</span> <span class='ocrx_word' id='word_1_215' title='bbox 468 2215 514 2267; x_wconf 90' lang='lat' dir='ltr'>si</span> <span class='ocrx_word' id='word_1_216' title='bbox 576 2216 833 2268; x_wconf 89' lang='lat' dir='ltr'>iuuantur</span> <span class='ocrx_word' id='word_1_217' title='bbox 894 2215 1207 2281; x_wconf 83' lang='lat' dir='ltr'>laetamine,</span> <span class='ocrx_word' id='word_1_218' title='bbox 1270 2215 1553 2280; x_wconf 84' lang='lat' dir='ltr'>excusant,</span> <span class='ocrx_word' id='word_1_219' title='bbox 1616 2229 1682 2263; x_wconf 90' lang='lat' dir='ltr'>ne</span> <span class='ocrx_word' id='word_1_220' title='bbox 1736 2229 1900 2278; x_wconf 87' lang='lat' dir='ltr'>poma</span> 
     </span>
    </p>
   </div>
   <div class='ocr_carea' id='block_1_3' title="bbox 210 2355 1901 2951">
    <p class='ocr_par' dir='ltr' id='par_1_6' title="bbox 210 2355 1901 2951">
     <span class='ocr_line' id='line_1_30' title="bbox 332 2355 1899 2417; baseline -0.003 -14"><span class='ocrx_word' id='word_1_221' title='bbox 332 2366 352 2403; x_wconf 93' lang='lat'>1</span> <span class='ocrx_word' id='word_1_222' title='bbox 380 2361 556 2417; x_wconf 87' lang='lat' dir='ltr'>plantis</span> <span class='ocrx_word' id='word_1_223' title='bbox 578 2361 619 2405; x_wconf 79' lang='lat' dir='ltr'><em>G</em></span> <span class='ocrx_word' id='word_1_224' title='bbox 643 2363 657 2416; x_wconf 92' lang='grc' dir='ltr'>ΙΙ</span> <span class='ocrx_word' id='word_1_225' title='bbox 683 2366 707 2403; x_wconf 88' lang='grc'><strong>3</strong></span> <span class='ocrx_word' id='word_1_226' title='bbox 725 2363 1048 2417; x_wconf 87' lang='lat' dir='ltr'>processerant</span> <span class='ocrx_word' id='word_1_227' title='bbox 1064 2361 1113 2403; x_wconf 85' lang='lat' dir='ltr'><em>E</em></span> <span class='ocrx_word' id='word_1_228' title='bbox 1138 2362 1143 2417; x_wconf 92' lang='grc' dir='ltr'>Ι</span> <span class='ocrx_word' id='word_1_229' title='bbox 1174 2361 1256 2402; x_wconf 89' lang='lat' dir='ltr'>aut</span> <span class='ocrx_word' id='word_1_230' title='bbox 1278 2358 1434 2402; x_wconf 88' lang='lat' dir='ltr'>ferunt</span> <span class='ocrx_word' id='word_1_231' title='bbox 1455 2357 1509 2411; x_wconf 84' lang='lat' dir='ltr'>G,</span> <span class='ocrx_word' id='word_1_232' title='bbox 1537 2356 1766 2400; x_wconf 85' lang='lat' dir='ltr'>auferunt.</span> <span class='ocrx_word' id='word_1_233' title='bbox 1801 2355 1899 2398; x_wconf 84' lang='lat' dir='ltr'>Ali-</span> 
     </span>
     <span class='ocr_line' id='line_1_31' title="bbox 211 2416 1899 2476; baseline -0.003 -13"><span class='ocrx_word' id='word_1_234' title='bbox 211 2420 292 2476; x_wconf 89' lang='lat' dir='ltr'>qui</span> <span class='ocrx_word' id='word_1_235' title='bbox 317 2420 491 2464; x_wconf 88' lang='lat' dir='ltr'>iustum</span> <span class='ocrx_word' id='word_1_236' title='bbox 514 2420 597 2464; x_wconf 88' lang='lat' dir='ltr'>ubi</span> <span class='ocrx_word' id='word_1_237' title='bbox 615 2421 664 2463; x_wconf 83' lang='lat' dir='ltr'><em>E</em></span> <span class='ocrx_word' id='word_1_238' title='bbox 685 2422 699 2476; x_wconf 93' lang='grc' dir='ltr'>ΙΙ</span> <span class='ocrx_word' id='word_1_239' title='bbox 722 2426 749 2462; x_wconf 89' lang='grc'>4</span> <span class='ocrx_word' id='word_1_240' title='bbox 768 2419 972 2476; x_wconf 88' lang='lat' dir='ltr'>coeperit</span> <span class='ocrx_word' id='word_1_241' title='bbox 989 2434 1137 2463; x_wconf 73' lang='lat' dir='ltr'>omnes</span> <span class='ocrx_word' id='word_1_242' title='bbox 1156 2424 1338 2475; x_wconf 77' lang='lat' dir='ltr'>praeter</span> <span class='ocrx_word' id='word_1_243' title='bbox 1353 2432 1374 2461; x_wconf 82' lang='grc'><em>3</em></span> <span class='ocrx_word' id='word_1_244' title='bbox 1402 2419 1407 2474; x_wconf 88' lang='grc' dir='ltr'>Ι</span> <span class='ocrx_word' id='word_1_245' title='bbox 1436 2416 1610 2460; x_wconf 88' lang='lat' dir='ltr'>trinam</span> <span class='ocrx_word' id='word_1_246' title='bbox 1626 2417 1675 2460; x_wconf 87' lang='lat' dir='ltr'><strong><em>E</em></strong></span> <span class='ocrx_word' id='word_1_247' title='bbox 1695 2418 1710 2472; x_wconf 92' lang='grc' dir='ltr'>ΙΙ</span> <span class='ocrx_word' id='word_1_248' title='bbox 1734 2420 1759 2459; x_wconf 89' lang='grc'><strong>6</strong></span> <span class='ocrx_word' id='word_1_249' title='bbox 1779 2428 1899 2459; x_wconf 80' lang='lat' dir='ltr'>scro-</span> 
     </span>
     <span class='ocr_line' id='line_1_32' title="bbox 210 2476 1900 2537; baseline -0.003 -14"><span class='ocrx_word' id='word_1_250' title='bbox 210 2480 318 2523; x_wconf 87' lang='lat' dir='ltr'>bem</span> <span class='ocrx_word' id='word_1_251' title='bbox 339 2481 394 2536; x_wconf 83' lang='lat' dir='ltr'>G,</span> <span class='ocrx_word' id='word_1_252' title='bbox 421 2481 605 2524; x_wconf 87' lang='lat' dir='ltr'>scrobes</span> <span class='ocrx_word' id='word_1_253' title='bbox 625 2480 715 2523; x_wconf 80' lang='lat' dir='ltr'>SE</span> <span class='ocrx_word' id='word_1_254' title='bbox 740 2480 744 2537; x_wconf 95' lang='grc' dir='ltr'>Ι</span> <span class='ocrx_word' id='word_1_255' title='bbox 774 2482 930 2522; x_wconf 87' lang='lat' dir='ltr'>tamen</span> <span class='ocrx_word' id='word_1_256' title='bbox 955 2482 1075 2522; x_wconf 90' lang='lat' dir='ltr'>terre</span> <span class='ocrx_word' id='word_1_257' title='bbox 1093 2480 1143 2522; x_wconf 87' lang='grc' dir='ltr'><em>Ε</em></span> <span class='ocrx_word' id='word_1_258' title='bbox 1163 2481 1176 2534; x_wconf 93' lang='grc' dir='ltr'>ΙΙ</span> <span class='ocrx_word' id='word_1_259' title='bbox 1203 2483 1226 2521; x_wconf 80' lang='lat'><strong>7</strong></span> <span class='ocrx_word' id='word_1_260' title='bbox 1254 2491 1399 2532; x_wconf 88' lang='lat' dir='ltr'>equae</span> <span class='ocrx_word' id='word_1_261' title='bbox 1420 2477 1683 2533; x_wconf 73' lang='lat' dir='ltr'>FEiacys</span> <span class='ocrx_word' id='word_1_262' title='bbox 1704 2476 1709 2533; x_wconf 92' lang='grc' dir='ltr'>Ι</span> <span class='ocrx_word' id='word_1_263' title='bbox 1730 2476 1900 2518; x_wconf 85' lang='lat' dir='ltr'>sterco-</span> 
     </span>
     <span class='ocr_line' id='line_1_33' title="bbox 212 2535 1898 2595; baseline -0.002 -14"><span class='ocrx_word' id='word_1_264' title='bbox 212 2542 363 2582; x_wconf 89' lang='lat' dir='ltr'>ratam</span> <span class='ocrx_word' id='word_1_265' title='bbox 386 2554 472 2595; x_wconf 78' lang='lat' dir='ltr'>pro</span> <span class='ocrx_word' id='word_1_266' title='bbox 497 2542 750 2582; x_wconf 85' lang='lat' dir='ltr'>straturam</span> <span class='ocrx_word' id='word_1_267' title='bbox 767 2540 816 2582; x_wconf 89' lang='lat' dir='ltr'><strong><em>E</em></strong></span> <span class='ocrx_word' id='word_1_268' title='bbox 836 2542 850 2595; x_wconf 94' lang='grc' dir='ltr'>ΙΙ</span> <span class='ocrx_word' id='word_1_269' title='bbox 876 2544 899 2581; x_wconf 90' lang='grc'><strong>9</strong></span> <span class='ocrx_word' id='word_1_270' title='bbox 933 2538 1029 2581; x_wconf 90' lang='lat' dir='ltr'>ima</span> <span class='ocrx_word' id='word_1_271' title='bbox 1047 2553 1082 2594; x_wconf 81' lang='lat' dir='ltr'>p</span> <span class='ocrx_word' id='word_1_272' title='bbox 1106 2540 1123 2594; x_wconf 89' lang='grc' dir='ltr'>ΙΙ</span> <span class='ocrx_word' id='word_1_273' title='bbox 1147 2543 1200 2580; x_wconf 86' lang='grc'>13</span> <span class='ocrx_word' id='word_1_274' title='bbox 1225 2536 1364 2594; x_wconf 89' lang='lat' dir='ltr'>pinae</span> <span class='ocrx_word' id='word_1_275' title='bbox 1383 2537 1426 2580; x_wconf 92' lang='lat' dir='ltr'><em>L</em></span> <span class='ocrx_word' id='word_1_276' title='bbox 1454 2537 1459 2593; x_wconf 99' lang='grc' dir='ltr'>Ι</span> <span class='ocrx_word' id='word_1_277' title='bbox 1489 2538 1536 2579; x_wconf 89' lang='lat' dir='ltr'>et</span> <span class='ocrx_word' id='word_1_278' title='bbox 1566 2547 1713 2591; x_wconf 85' lang='lat' dir='ltr'>usque</span> <span class='ocrx_word' id='word_1_279' title='bbox 1737 2535 1898 2591; x_wconf 72' lang='lat' dir='ltr'>iacys,</span> 
     </span>
     <span class='ocr_line' id='line_1_34' title="bbox 212 2592 1895 2655; baseline -0.003 -14"><span class='ocrx_word' id='word_1_280' title='bbox 212 2613 359 2653; x_wconf 85' lang='lat' dir='ltr'>usque</span> <span class='ocrx_word' id='word_1_281' title='bbox 383 2599 432 2641; x_wconf 91' lang='lat' dir='ltr'>in</span> <span class='ocrx_word' id='word_1_282' title='bbox 456 2600 543 2642; x_wconf 92' lang='lat' dir='ltr'>hoc</span> <span class='ocrx_word' id='word_1_283' title='bbox 567 2602 751 2655; x_wconf 88' lang='lat' dir='ltr'>tempus</span> <span class='ocrx_word' id='word_1_284' title='bbox 777 2612 858 2642; x_wconf 83' lang='lat' dir='ltr'>om.</span> <span class='ocrx_word' id='word_1_285' title='bbox 879 2613 914 2654; x_wconf 79' lang='lat' dir='ltr'>p</span> <span class='ocrx_word' id='word_1_286' title='bbox 943 2604 947 2647; x_wconf 79' lang='grc' dir='ltr'>Ι</span> <span class='ocrx_word' id='word_1_287' title='bbox 976 2597 1024 2640; x_wconf 86' lang='lat' dir='ltr'>in</span> <span class='ocrx_word' id='word_1_288' title='bbox 1050 2598 1262 2641; x_wconf 90' lang='lat' dir='ltr'>arborem</span> <span class='ocrx_word' id='word_1_289' title='bbox 1286 2597 1335 2639; x_wconf 85' lang='lat' dir='ltr'><em>E</em></span> <span class='ocrx_word' id='word_1_290' title='bbox 1356 2598 1370 2652; x_wconf 93' lang='grc' dir='ltr'>ΙΙ</span> <span class='ocrx_word' id='word_1_291' title='bbox 1397 2601 1449 2638; x_wconf 82' lang='grc'>15</span> <span class='ocrx_word' id='word_1_292' title='bbox 1482 2595 1754 2651; x_wconf 86' lang='lat' dir='ltr'>putrescant</span> <span class='ocrx_word' id='word_1_293' title='bbox 1775 2593 1862 2648; x_wconf 78' lang='lat' dir='ltr'>Ep</span> <span class='ocrx_word' id='word_1_294' title='bbox 1889 2592 1895 2651; x_wconf 93' lang='grc' dir='ltr'>Ι</span> 
     </span>
     <span class='ocr_line' id='line_1_35' title="bbox 214 2655 1900 2715; baseline -0.003 -16"><span class='ocrx_word' id='word_1_295' title='bbox 214 2658 295 2712; x_wconf 88' lang='lat' dir='ltr'>qui</span> <span class='ocrx_word' id='word_1_296' title='bbox 319 2658 410 2701; x_wconf 83' lang='lat' dir='ltr'>nisi</span> <span class='ocrx_word' id='word_1_297' title='bbox 434 2674 464 2715; x_wconf 91' lang='lat' dir='ltr'>p</span> <span class='ocrx_word' id='word_1_298' title='bbox 489 2661 502 2714; x_wconf 87' lang='grc' dir='ltr'>ΙΙ</span> <span class='ocrx_word' id='word_1_299' title='bbox 530 2664 583 2701; x_wconf 87' lang='grc'>19</span> <span class='ocrx_word' id='word_1_300' title='bbox 609 2658 676 2701; x_wconf 92' lang='lat' dir='ltr'>De</span> <span class='ocrx_word' id='word_1_301' title='bbox 700 2659 853 2701; x_wconf 88' lang='lat' dir='ltr'>Pruno</span> <span class='ocrx_word' id='word_1_302' title='bbox 879 2659 1063 2714; x_wconf 89' lang='lat' dir='ltr'>(pruno)</span> <span class='ocrx_word' id='word_1_303' title='bbox 1089 2658 1173 2700; x_wconf 73' lang='lat' dir='ltr'>ins.</span> <span class='ocrx_word' id='word_1_304' title='bbox 1208 2657 1296 2699; x_wconf 76' lang='lat' dir='ltr'>iac</span> <span class='ocrx_word' id='word_1_305' title='bbox 1323 2657 1328 2709; x_wconf 87' lang='grc' dir='ltr'>Ι</span> <span class='ocrx_word' id='word_1_306' title='bbox 1358 2656 1508 2697; x_wconf 88' lang='lat' dir='ltr'>Prune</span> <span class='ocrx_word' id='word_1_307' title='bbox 1533 2655 1583 2697; x_wconf 89' lang='lat' dir='ltr'><strong><em>E</em></strong></span> <span class='ocrx_word' id='word_1_308' title='bbox 1603 2655 1617 2710; x_wconf 92' lang='grc' dir='ltr'>ΙΙ</span> <span class='ocrx_word' id='word_1_309' title='bbox 1642 2658 1694 2696; x_wconf 95' lang='grc'>21</span> <span class='ocrx_word' id='word_1_310' title='bbox 1723 2666 1900 2708; x_wconf 84' lang='lat' dir='ltr'>ponan-</span> 
     </span>
     <span class='ocr_line' id='line_1_36' title="bbox 213 2710 1899 2775; baseline -0.002 -16"><span class='ocrx_word' id='word_1_311' title='bbox 213 2719 291 2760; x_wconf 88' lang='lat' dir='ltr'>tur</span> <span class='ocrx_word' id='word_1_312' title='bbox 322 2719 485 2775; x_wconf 74' lang='lat' dir='ltr'>iacys</span> <span class='ocrx_word' id='word_1_313' title='bbox 523 2721 537 2774; x_wconf 92' lang='grc' dir='ltr'>ΙΙ</span> <span class='ocrx_word' id='word_1_314' title='bbox 578 2723 632 2760; x_wconf 86' lang='grc'>22</span> <span class='ocrx_word' id='word_1_315' title='bbox 665 2717 821 2761; x_wconf 84' lang='lat' dir='ltr'>lexibo</span> <span class='ocrx_word' id='word_1_316' title='bbox 855 2717 1026 2772; x_wconf 83' lang='lat' dir='ltr'><strong><em>PLG,</em></strong></span> <span class='ocrx_word' id='word_1_317' title='bbox 1067 2715 1239 2760; x_wconf 84' lang='lat' dir='ltr'>lexim&#39;o</span> <span class='ocrx_word' id='word_1_318' title='bbox 1273 2715 1331 2769; x_wconf 83' lang='lat' dir='ltr'>F,</span> <span class='ocrx_word' id='word_1_319' title='bbox 1366 2727 1419 2757; x_wconf 84' lang='lat' dir='ltr'>ex</span> <span class='ocrx_word' id='word_1_320' title='bbox 1452 2713 1600 2756; x_wconf 88' lang='lat' dir='ltr'>libero</span> <span class='ocrx_word' id='word_1_321' title='bbox 1633 2713 1692 2768; x_wconf 85' lang='lat' dir='ltr'>E,</span> <span class='ocrx_word' id='word_1_322' title='bbox 1724 2710 1899 2755; x_wconf 84' lang='lat' dir='ltr'>lexiuio</span> 
     </span>
     <span class='ocr_line' id='line_1_37' title="bbox 214 2773 1899 2834; baseline -0.004 -14"><span class='ocrx_word' id='word_1_323' title='bbox 214 2791 340 2833; x_wconf 72' lang='lat' dir='ltr'>acqs</span> <span class='ocrx_word' id='word_1_324' title='bbox 369 2778 373 2833; x_wconf 93' lang='grc' dir='ltr'>Ι</span> <span class='ocrx_word' id='word_1_325' title='bbox 400 2777 618 2834; x_wconf 86' lang='lat' dir='ltr'>ponenda</span> <span class='ocrx_word' id='word_1_326' title='bbox 650 2779 699 2820; x_wconf 92' lang='lat' dir='ltr'>et</span> <span class='ocrx_word' id='word_1_327' title='bbox 729 2776 1010 2819; x_wconf 87' lang='lat' dir='ltr'>maceranda</span> <span class='ocrx_word' id='word_1_328' title='bbox 1042 2776 1091 2818; x_wconf 84' lang='lat' dir='ltr'><em>E</em></span> <span class='ocrx_word' id='word_1_329' title='bbox 1112 2778 1126 2831; x_wconf 93' lang='grc' dir='ltr'>ΙΙ</span> <span class='ocrx_word' id='word_1_330' title='bbox 1152 2780 1206 2818; x_wconf 90' lang='grc'>23</span> <span class='ocrx_word' id='word_1_331' title='bbox 1230 2773 1423 2831; x_wconf 89' lang='lat' dir='ltr'>plantae</span> <span class='ocrx_word' id='word_1_332' title='bbox 1449 2774 1526 2816; x_wconf 87' lang='lat' dir='ltr'>Es</span> <span class='ocrx_word' id='word_1_333' title='bbox 1548 2774 1563 2829; x_wconf 93' lang='grc' dir='ltr'>ΙΙ</span> <span class='ocrx_word' id='word_1_334' title='bbox 1587 2777 1643 2815; x_wconf 65' lang='grc'>24</span> <span class='ocrx_word' id='word_1_335' title='bbox 1667 2783 1899 2814; x_wconf 83' lang='lat' dir='ltr'>sumemus</span> 
     </span>
     <span class='ocr_line' id='line_1_38' title="bbox 215 2829 1901 2892; baseline -0.004 -14"><span class='ocrx_word' id='word_1_336' title='bbox 215 2849 363 2880; x_wconf 73' lang='lat' dir='ltr'>omnes</span> <span class='ocrx_word' id='word_1_337' title='bbox 391 2838 396 2892; x_wconf 91' lang='grc' dir='ltr'>Ι</span> <span class='ocrx_word' id='word_1_338' title='bbox 426 2850 480 2879; x_wconf 84' lang='lat' dir='ltr'>ex</span> <span class='ocrx_word' id='word_1_339' title='bbox 514 2835 684 2880; x_wconf 90' lang='lat' dir='ltr'>cortice</span> <span class='ocrx_word' id='word_1_340' title='bbox 724 2837 775 2892; x_wconf 92' lang='lat' dir='ltr'>V,</span> <span class='ocrx_word' id='word_1_341' title='bbox 809 2850 865 2880; x_wconf 83' lang='lat' dir='ltr'>ex</span> <span class='ocrx_word' id='word_1_342' title='bbox 898 2835 1069 2879; x_wconf 83' lang='lat' dir='ltr'>cortice</span> <span class='ocrx_word' id='word_1_343' title='bbox 1102 2834 1176 2877; x_wconf 89' lang='lat' dir='ltr'>uel</span> <span class='ocrx_word' id='word_1_344' title='bbox 1218 2833 1375 2876; x_wconf 88' lang='lat' dir='ltr'>codice</span> <span class='ocrx_word' id='word_1_345' title='bbox 1409 2833 1459 2876; x_wconf 90' lang='lat' dir='ltr'><em>F</em></span> <span class='ocrx_word' id='word_1_346' title='bbox 1477 2834 1492 2888; x_wconf 93' lang='grc' dir='ltr'>ΙΙ</span> <span class='ocrx_word' id='word_1_347' title='bbox 1517 2836 1572 2875; x_wconf 88' lang='grc'>26</span> <span class='ocrx_word' id='word_1_348' title='bbox 1604 2829 1901 2887; x_wconf 84' lang='lat' dir='ltr'>perferuntur</span> 
     </span>
     <span class='ocr_line' id='line_1_39' title="bbox 214 2888 1841 2951; baseline -0.002 -15"><span class='ocrx_word' id='word_1_349' title='bbox 214 2895 324 2949; x_wconf 84' lang='lat' dir='ltr'>PF,</span> <span class='ocrx_word' id='word_1_350' title='bbox 356 2895 656 2951; x_wconf 84' lang='lat' dir='ltr'>perfruuntur</span> <span class='ocrx_word' id='word_1_351' title='bbox 693 2896 767 2950; x_wconf 83' lang='lat' dir='ltr'>Tp</span> <span class='ocrx_word' id='word_1_352' title='bbox 790 2898 804 2951; x_wconf 89' lang='grc' dir='ltr'>ΙΙ</span> <span class='ocrx_word' id='word_1_353' title='bbox 831 2900 885 2938; x_wconf 87' lang='grc'>28</span> <span class='ocrx_word' id='word_1_354' title='bbox 919 2894 957 2938; x_wconf 88' lang='lat' dir='ltr'>si</span> <span class='ocrx_word' id='word_1_355' title='bbox 990 2909 1070 2938; x_wconf 87' lang='lat' dir='ltr'>om.</span> <span class='ocrx_word' id='word_1_356' title='bbox 1106 2894 1200 2937; x_wconf 90' lang='lat' dir='ltr'>PL</span> <span class='ocrx_word' id='word_1_357' title='bbox 1218 2893 1299 2936; x_wconf 80' lang='lat' dir='ltr'>VS</span> <span class='ocrx_word' id='word_1_358' title='bbox 1314 2892 1459 2936; x_wconf 79' lang='lat' dir='ltr'>TEG</span> <span class='ocrx_word' id='word_1_359' title='bbox 1487 2894 1492 2949; x_wconf 90' lang='grc' dir='ltr'>Ι</span> <span class='ocrx_word' id='word_1_360' title='bbox 1521 2890 1569 2934; x_wconf 91' lang='lat' dir='ltr'>in</span> <span class='ocrx_word' id='word_1_361' title='bbox 1595 2903 1682 2946; x_wconf 73' lang='lat' dir='ltr'>pro</span> <span class='ocrx_word' id='word_1_362' title='bbox 1713 2902 1771 2932; x_wconf 90' lang='lat' dir='ltr'>ne</span> <span class='ocrx_word' id='word_1_363' title='bbox 1798 2888 1841 2933; x_wconf 78' lang='lat' dir='ltr'><strong><em>G</em></strong></span> 
     </span>
    </p>
   </div>
  </div>
 </body>
</html>
