2014 3169
179 115 288 166 242
888 113 1169 157 PALLADH

183 239 467 289 castaneae
517 235 581 287 ad
628 236 935 303 ponendum
983 239 1251 304 recenteS,
1300 235 1550 305 grandes,
1598 239 1867 289 maturae:

185 329 316 379 quas
360 311 404 363 si
452 309 736 362 nouembri
785 328 965 361 mense
1014 327 1301 378 ponamus,
1348 309 1565 362 facilem
1615 327 1670 362 se
1717 328 1867 378 prae·

98 386 164 439 18
186 384 362 437 sentia
401 384 610 435 fructus
653 382 822 452 ipsius
855 387 1111 452 praestat.
1171 384 1216 435 si
1247 401 1377 435 uero
1403 383 1675 436 februario
1708 402 1868 452 pone-

183 477 317 525 mUS,
358 462 420 510 ut
459 476 629 526 usque
670 462 800 510 tunc
841 459 1012 523 duret,
1053 458 1133 510 ita
1172 457 1476 510 faciendum
1511 461 1604 509 est.
1659 458 1715 509 in
1752 476 1864 509 um-

183 535 281 584 bra
323 536 604 584 castaneae
645 532 913 584 siccentur
954 549 1231 600 expansae.
1311 534 1439 584 tunc
1478 531 1533 582 in
1575 535 1867 602 angustum
1915 553 1934 585 5

184 612 238 658 et
280 607 482 659 siccum
532 605 713 658 locum
754 606 1050 657 translatae
1104 606 1378 657 cumulum
1425 605 1626 658 faciant
1672 610 1726 658 et
1779 623 1866 658 eas

184 699 368 733 omnes
418 680 652 732 fluuialis
700 681 905 732 harena
953 679 1239 750 diligenter
1288 680 1512 748 operiat.
1589 683 1714 748 post
1754 679 1866 732 dies

183 756 415 825 triginta
456 773 544 806 eas
586 758 794 807 remota
833 754 1034 806 harena
1072 755 1129 805 in
1162 772 1358 822 aquam
1389 753 1646 823 frigidam
1678 753 1867 806 mittis.

185 847 320 899 quae
363 847 522 881 sanae
557 832 696 897 sunt,
738 832 1082 898 merguntur:
1123 831 1456 897 supernatat,
1497 845 1865 897 quaecumque

183 907 379 956 uexata
428 907 525 955 est.
602 903 736 955 item
786 921 918 971 quas
967 903 1236 972 probasti,
1290 901 1540 954 similiter
1589 902 1771 954 obruis
1814 907 1868 954 et
1894 922 1938 954 10

182 981 308 1046 post
348 977 578 1047 triginta
619 977 730 1029 dies
765 995 932 1045 aeque
972 977 1186 1045 probas,
1249 977 1352 1029 hoc
1387 995 1508 1028 cum
1540 977 1703 1029 tertio
1736 975 1868 1029 fece-

183 1053 272 1120 ris,
313 1070 481 1120 usque
523 1052 588 1103 ad
619 1051 764 1104 ueris
804 1050 1024 1102 initium
1057 1069 1232 1104 serere
1266 1051 1501 1118 debebiS,
1544 1069 1679 1119 quae
1719 1068 1867 1102 man-

98 1129 164 1180 19
185 1127 355 1178 serint
409 1126 683 1178 inlibatae.
777 1125 944 1194 aliqui
995 1126 1053 1176 in
1106 1124 1342 1178 uasculis
1397 1128 1617 1177 seruant
1667 1125 1870 1177 harena

183 1200 608 1268 paritermissa.
689 1202 873 1252 amant
923 1200 1099 1252 solum
1147 1199 1308 1252 molle
1359 1202 1412 1251 et
1452 1199 1714 1267 solutum,
1760 1217 1869 1251 non

183 1279 365 1327 tamen
411 1275 749 1327 harenosum.
828 1276 885 1325 in
933 1274 1189 1326 sabulone
1236 1274 1588 1343 proueniunt,
1635 1273 1726 1325 sed
1771 1273 1866 1325 hu-
1895 1293 1937 1326 15

184 1352 377 1402 mecto.
455 1349 612 1419 nigra
660 1353 805 1400 terra
851 1348 960 1400 illis
1011 1351 1138 1416 apta
1186 1352 1268 1400 est
1316 1351 1370 1399 et
1419 1348 1775 1400 carbunculus
1816 1352 1870 1399 et

185 1424 331 1476 tofus
372 1422 661 1492 diligenter
700 1422 977 1476 infractus,
1056 1423 1113 1473 in
1154 1421 1327 1490 spisso
1378 1440 1509 1492 agro
1560 1426 1614 1473 et
1654 1421 1871 1474 rubrica

185 1498 276 1550 uix
323 1497 593 1566 prouenit:
642 1497 699 1548 in
748 1496 943 1565 argilla
990 1499 1044 1548 et
1093 1495 1276 1566 glarea
1321 1514 1430 1548 non
1479 1499 1658 1563 potest
1704 1495 1869 1548 nasci.

185 1571 368 1641 diligit
420 1572 553 1624 caeli
606 1574 810 1622 statum
863 1569 1145 1639 frigidum,
1207 1570 1298 1622 sed
1357 1573 1410 1621 et
1468 1570 1710 1638 tepidum
1760 1587 1868 1621 non

184 1649 413 1713 recusat,
447 1646 493 1697 si
525 1646 720 1697 humor
754 1643 1066 1697 adsenserit.
1131 1644 1428 1696 delectatur
1461 1644 1617 1696 cliuis
1650 1646 1705 1696 et
1741 1661 1867 1712 opa-
1895 1664 1940 1695 ρο

188 1721 264 1773 cis
317 1720 632 1789 regionibus
687 1737 747 1771 ac
795 1719 1026 1771 maxime
1078 1719 1135 1770 in
1187 1718 1630 1787 septemtrionem
1681 1718 1866 1770 uersis

96 1797 167 1848 20
184 1793 449 1864 pastinari
512 1811 639 1863 ergo
703 1794 853 1846 locus
911 1793 1155 1857 debebit,
1224 1792 1315 1860 qui
1377 1792 1502 1844 huic
1567 1790 1870 1844 destinatur

187 1869 432 1937 arbusto,
490 1868 775 1920 altitudine
831 1867 982 1936 pedis
1038 1867 1197 1919 unius
1270 1867 1431 1918 semis
1500 1867 1586 1918 uel
1642 1867 1868 1918 duorum

185 1943 271 1995 uel
313 1946 462 1995 totus
512 1947 606 1994 aut
655 1941 817 1994 sulcis
866 1941 923 1993 in
972 1941 1213 1993 ordinem
1266 1941 1551 1993 destinatis
1592 1944 1686 1992 aut
1725 1943 1868 1993 certe

187 2018 382 2068 aratris
424 2017 625 2069 resolui
672 2016 799 2068 hinc
846 2016 968 2067 inde
1009 2015 1360 2067 findentibus:
1411 2015 1501 2084 qui
1541 2015 1669 2067 fimo
1710 2013 1868 2067 satia·
1894 2033 1938 2066 25

185 2095 274 2143 tus
309 2109 368 2143 ac
409 2091 656 2143 redactus
697 2091 753 2142 in
794 2090 1074 2157 puluerem
1108 2094 1482 2142 castanearum
1517 2106 1699 2141 semen
1739 2088 1869 2141 acci-

97 2168 164 2218 21
187 2165 302 2234 piat
341 2184 450 2217 non
491 2165 722 2233 amplius
769 2164 920 2232 pedis
963 2164 1224 2216 dodrante
1274 2164 1589 2215 demersum.
1667 2162 1866 2215 unicui-

188 2258 288 2308 que
331 2239 519 2291 semini
563 2242 785 2308 propter
823 2242 1008 2290 notam
1040 2238 1285 2290 surculus
1319 2238 1478 2289 debet
1512 2236 1689 2305 adfigi.
1751 2237 1871 2305 ipsa

308 2450 328 2486 1
367 2444 427 2486 ad
453 2443 695 2487 serendum
716 2458 750 2498 p
779 2444 783 2500 1
811 2445 1020 2485 recentes
1053 2456 1134 2486 om.
1163 2442 1212 2485 E
1233 2444 1247 2497 11
1272 2447 1295 2483 2
1321 2455 1545 2498 ponemus
1575 2441 1629 2495 G,
1665 2453 1870 2483 seramus

191 2506 340 2560 iacys
391 2507 395 2552 1
446 2503 633 2546 facilem
667 2515 774 2558 sepe
813 2504 1055 2558 praestant
1092 2505 1222 2555 fras.)
1255 2501 1469 2543 fructum.
1503 2499 1550 2542 Si
1583 2501 1626 2542 V
1674 2502 1680 2557 1
1737 2512 1870 2556 prae-

189 2562 339 2606 sentia
372 2576 452 2606 om.
481 2577 516 2617 p
570 2565 583 2617 11
639 2568 662 2604 3
697 2575 806 2604 uero
839 2575 920 2604 om.
959 2562 999 2603 G
1035 2565 1039 2614 1
1074 2560 1288 2617 ponimus
1325 2562 1378 2614 G,
1412 2573 1637 2615 ponamus
1669 2560 1822 2616 iaeys
1856 2559 1871 2614 11

189 2629 215 2666 4
251 2622 418 2664 durent
442 2623 491 2664 E
500 2623 516 2664 ε’
526 2637 547 2665 e
555 2636 614 2678 98
638 2624 651 2677 11
677 2626 701 2663 6
736 2620 1091 2676 cumulataeque
1109 2620 1359 2676 diligenter
1384 2618 1565 2661 fluuiali
1598 2631 1740 2661 arena
1761 2630 1870 2674 ope·

188 2682 370 2724 riantur
395 2696 430 2736 p
489 2684 492 2735 1
550 2681 730 2723 faciunt
756 2694 902 2724 onmes
933 2686 1109 2735 praeter
1140 2680 1189 2722 E
1239 2681 1253 2735 11
1308 2683 1332 2721 8
1372 2677 1420 2720 111
1453 2692 1574 2734 aqua
1603 2676 1778 2734 frigida
1807 2677 1826 2718 z·
1856 2677 1871 2724 11

193 2746 246 2784 10
279 2743 449 2783 uexata
482 2743 589 2782 sunt
625 2740 665 2783 G
723 2741 727 2793 1
787 2739 952 2782 obrues
987 2753 1134 2782 omnes
1187 2741 1200 2793 11
1257 2743 1306 2781 11
1349 2736 1517 2781 iterum
1555 2735 1764 2793 probatis
1790 2750 1826 2791 p
1855 2730 1871 2793 11

194 2805 243 2842 17
277 2800 446 2856 tophus
480 2800 558 2855 Ε1
594 2798 778 2842 rubrico
810 2799 860 2841 E
891 2801 905 2853 11
943 2804 995 2841 19
1030 2797 1234 2855 diligunt
1260 2812 1293 2853 p
1333 2799 1336 2853 1
1378 2800 1425 2840 εὴ
1456 2811 1536 2841 om.
1576 2796 1617 2840 G
1651 2798 1665 2852 11
1703 2799 1758 2837 22
1793 2794 1870 2837 de-

192 2858 389 2901 stinetur
425 2859 465 2901 G
490 2862 503 2914 11
529 2864 583 2901 ‘23
616 2857 751 2900 unius
786 2861 831 2900 et
865 2858 1000 2901 semis
1034 2859 1198 2912 Ε1124
1231 2856 1376 2899 totius
1413 2857 1474 2909 G,
1516 2855 1590 2899 uel
1629 2856 1754 2897 totus
1789 2856 1872 2897 aut

192 2932 271 2961 om.
302 2933 336 2973 p
363 2920 367 2973 1
397 2917 470 2960 uel
506 2917 643 2960 sulcis
676 2932 696 2960 s
719 2919 732 2973 11
759 2922 811 2959 27
845 2917 986 2973 pedes
1019 2918 1075 2971 L,
1108 2916 1279 2972 pedum
1313 2916 1371 2970 E,
1406 2929 1487 2959 om.
1523 2915 1570 2957 F
