2014 3169
199 155 306 207 208
903 154 1184 197 PALLADH

236 319 335 372 DE
376 317 838 372 PAVIMENTIS
883 317 1364 372 SOLARIORVM
1404 319 1497 372 ΕΤ
1537 318 1845 374 LATERE.

112 423 215 476 XV
328 423 448 475 Hoc
489 423 654 474 etiam
696 440 876 474 mense
917 423 1228 491 pauimenta
1259 423 1316 475 in
1349 423 1560 475 solariis
1602 427 1655 476 et
1687 424 1884 477 lateres

198 497 456 550 faciemus
499 515 559 549 eo
594 515 766 564 more,
808 515 912 565 quo
955 497 1096 549 maio
1140 515 1320 549 mense
1362 497 1635 566 descripsi.

791 688 890 740 DE
932 687 1290 741 DIAMORO.

111 793 242 846 XVI
360 792 558 845 Sucum
607 793 745 844 mori
795 793 1025 862 agrestis
1069 792 1351 860 paululum
1389 792 1554 845 facies
1596 792 1883 846 deseruere.
1932 814 1952 847 5

199 873 329 920 tunc
379 867 493 919 suci
542 867 672 918 duas
722 870 902 935 partes
954 870 1007 918 et
1049 885 1212 918 unam
1252 865 1428 918 mellis
1470 866 1789 920 admiscebis
1831 873 1884 919 et

199 942 369 993 mixta
410 941 621 994 curabis
663 942 728 993 ad
770 941 1153 1011 pinguedinem
1195 940 1368 993 mellis
1411 959 1720 1010 excoquere.

650 1133 746 1185 DE
793 1131 1214 1186 SERVANDIS
1254 1131 1444 1186 VVIS.

112 1236 268 1290 XVII
382 1237 555 1304 VuaS,
604 1256 733 1306 quas
785 1256 997 1289 seruare
1046 1238 1319 1306 uolumuS‚
1366 1237 1608 1307 legamus
1656 1237 1887 1290 inlaesas

198 1331 371 1381 neque
421 1312 716 1364 acerbitate
765 1311 969 1381 rigidas
1009 1330 1182 1380 neque
1223 1311 1541 1364 maturitate
1581 1312 1886 1380 refluenteS,
1912 1334 1954 1364 ιο

203 1387 295 1438 sed
352 1386 548 1454 quibus
597 1390 680 1438 est
728 1390 782 1438 et
829 1404 1058 1456 granum
1106 1387 1221 1438 luce
1277 1385 1601 1454 penetrabili
1658 1385 1887 1454 splendi-

202 1462 326 1513 dum
369 1464 422 1512 et
462 1463 642 1512 tactus
682 1478 802 1513 cum
836 1461 988 1512 molli
1021 1461 1355 1513 iucunditate
1390 1461 1639 1513 callosus,
1704 1459 1750 1512 si
1785 1478 1890 1529 qua

204 1538 330 1586 sunt
379 1538 634 1602 corrupta
683 1534 771 1586 uel
818 1535 1040 1604 uitiosa,
1087 1553 1407 1587 resecemus:
1462 1553 1561 1587 nec
1616 1533 1890 1603 patiamur

202 1610 481 1677 interesse,
516 1609 712 1676 quibus
745 1609 1181 1677 inexpugnabilis
1216 1609 1482 1661 acerbitas
1518 1612 1707 1661 contra
1739 1608 1888 1660 blan-

203 1684 442 1735 dimenta
478 1683 677 1735 vaestiui
720 1683 914 1736 caloris
953 1683 1208 1735 induruit.
1270 1686 1399 1735 tunc
1438 1682 1636 1735 incisos
1671 1683 1888 1752 botryo·
1915 1703 1956 1736 15

200 1776 330 1809 num
370 1761 584 1809 tenaces
626 1758 800 1810 calida
839 1757 957 1825 pice
1000 1760 1215 1826 oportet
1257 1757 1470 1808 amburi
1515 1760 1675 1825 atque
1717 1757 1795 1808 ita
1833 1756 1890 1808 in

201 1832 321 1884 loco
364 1831 521 1898 31000,
561 1831 762 1901 frigido
805 1835 859 1883 et
901 1832 1129 1884 obscuro
1172 1830 1286 1884 sine
1327 1831 1546 1884 luminis
1580 1832 1890 1899 inruptione

205 1906 473 1974 suspendi.

203 2096 301 2148 DE
336 2096 535 2165 VITE,
571 2095 788 2150 CVIVS
823 2096 1156 2150 FRVCTVS
1183 2096 1439 2150 VMORE
1473 2094 1892 2156 PVTRESGIT.

117 2200 308 2252 XVIII
424 2200 584 2269 Vitis,
626 2201 774 2253 cuius
812 2202 1019 2254 fructus
1054 2220 1238 2253 umore
1270 2201 1551 2269 putrescit,
1590 2219 1686 2269 per
1718 2201 1890 2252 latera
1917 2223 1958 2254 20

203 2275 568 2344 pampinanda
617 2279 699 2327 est
747 2279 867 2327 ante
917 2276 1251 2328 tricesimum
1298 2276 1603 2327 uindemiae
1652 2274 1795 2326 diem
1838 2278 1891 2325 et

206 2349 319 2401 sola
358 2349 508 2401 frons
549 2349 645 2401 illa
678 2349 940 2401 seruanda
974 2353 1069 2418 est,
1111 2368 1245 2418 quae
1279 2350 1335 2400 in
1368 2349 1679 2401 summitate
1712 2348 1893 2418 posita

206 2423 373 2475 solem
413 2423 641 2474 nimium
683 2423 920 2475 defendit
961 2443 991 2475 a
1031 2424 1249 2476 uertice.

327 2545 347 2581 1
383 2538 719 2582 LATERIBVS
760 2538 1077 2582 FACIENDIS
1118 2540 1153 2584 19
1195 2542 1208 2596 ΙΙ
1257 2544 1281 2582 3
1326 2552 1378 2582 eo
1420 2552 1501 2583 om.
1529 2540 1579 2582 E
1622 2542 1636 2595 ΙΙ
1683 2544 1708 2583 5
1744 2540 1892 2596 pabu-

206 2598 303 2640 lum
336 2599 384 2641 E
427 2601 430 2653 Ι
475 2599 655 2642 deferre
688 2599 738 2641 E
774 2601 787 2654 Ιὶ
829 2603 852 2642 6
888 2599 985 2642 suci
1016 2599 1162 2655 ipsius
1197 2614 1247 2653 a,
1282 2598 1378 2641 suci
1413 2598 1597 2657 [ipsius]
1631 2613 1720 2656 cys
1763 2602 1768 2655 Ι
1814 2598 1892 2641 ad-

206 2657 362 2700 miscis
389 2659 448 2711 E,
485 2657 712 2701 admisces
746 2658 878 2702 ceterz
901 2660 914 2714 Η
941 2664 963 2700 7
1000 2657 1351 2715 spissitudinem
1377 2657 1420 2712 9,
1454 2658 1783 2714 pissitudinem
1809 2658 1859 2700 E
1885 2659 1888 2698 1

208 2730 407 2772 exquore
441 2718 496 2773 L,
533 2731 867 2774 εΧᾳυοᾳ110161
859 2717 947 2761 SG
969 2720 983 2773 Η
1017 2723 1040 2760 9
1073 2717 1274 2774 ligamus
1308 2718 1358 2760 E
1378 2720 1392 2773 ΙΙ
1427 2723 1479 2760 10
1513 2716 1770 2761 aceruitate
1807 2716 1849 2760 G
1885 2703 1889 2774 Ι

209 2776 463 2819 defluentes
497 2777 650 2834 iacys
681 2780 694 2832 Η
729 2782 779 2819 11
814 2776 1105 2833 penetrabile
1139 2779 1185 2820 et
1209 2791 1276 2832 ps
1307 2779 1320 2832 ΙΙ
1356 2781 1408 2819 12
1434 2776 1594 2820 mellis
1627 2776 1677 2820 E
1702 2777 1708 2833 Ι
1736 2775 1893 2819 iocun-

209 2835 358 2879 ditate
391 2836 544 2880 VGE
578 2839 591 2893 ΙΙ
633 2841 685 2879 13
721 2838 828 2879 sunt
860 2850 941 2881 om.
969 2837 1018 2879 E
1061 2838 1065 2893 Ι
1109 2838 1327 2893 corrupta
1359 2835 1435 2879 uel
1468 2850 1548 2880 om.
1569 2850 1606 2892 p
1648 2837 1653 2891 Ι
1695 2848 1893 2878 recesse-

207 2909 308 2937 mus
342 2895 398 2950 L,
432 2909 723 2938 recensemus
762 2895 803 2940 G
841 2897 854 2950 Η
897 2900 949 2938 15
983 2895 1250 2938 botrionum
1283 2895 1369 2938 PS
1397 2898 1410 2951 Η
1445 2901 1498 2938 16
1532 2893 1699 2938 ambiri
1731 2894 1850 2938 SEs
1880 2895 1895 2950 Η

211 2958 263 2995 17
291 2953 411 2997 sicco
437 2968 517 2998 om.
539 2955 588 2997 E
615 2957 619 3011 Ι
648 2954 995 3011 incorruptione
1020 2956 1062 2998 L
1087 2957 1100 3010 Η
1127 2960 1180 2997 23
1208 2954 1482 2998 solemnium
1507 2955 1550 2998 V
1573 2955 1577 3011 Ι
1608 2952 1896 2997 defendatE
