2072 3145
757 87 949 132 AGRIC.
974 87 1080 131 VIII
1104 91 1217 130 3—5
1711 81 1816 134 185

152 228 289 262 anno
338 209 566 277 septimo
615 209 806 261 deficit.
885 207 1129 276 eligenda
1175 212 1256 258 est
1303 203 1446 256 uasti
1486 202 1724 270 corporis
1765 205 1818 254 et

150 283 345 352 prolixi
391 282 608 335 uelleris
658 301 718 335 ac
757 281 1084 349 mollissimi,
1130 278 1303 332 lanosi
1347 280 1401 329 et
1440 275 1624 346 magni
1662 276 1818 328 uteri.

153 357 244 409 sed
281 356 669 425 prouidendum
709 361 791 409 est
829 358 885 407 in
926 357 1028 407 hoc
1076 372 1292 423 genere,
1337 355 1398 402 ut
1444 349 1629 418 pabuli
1667 351 1818 401 uber-

152 434 264 482 tate
311 433 583 482 saturetur
629 435 683 482 et
729 431 888 500 longe
935 433 1187 497 pascatur
1234 446 1265 478 a
1312 425 1576 489 sentibUS,
1628 423 1718 491 qui
1765 427 1819 475 et

109 505 332 557 slanam
376 504 624 555 minuunt
672 508 724 556 et
772 523 964 572 corpus
1004 502 1261 555 incidunt.
1339 497 1655 550 admittendi
1695 502 1820 549 sunt
1858 498 1896 550 4

153 595 334 629 mense
374 578 521 645 iulio,
558 582 620 630 ut
657 578 772 630 nati
813 581 936 630 ante
976 577 1207 628 hiemem
1244 574 1635 627 conualescant.
1699 572 1821 623 Ari-

155 651 377 703 stoteles
427 652 645 720 adserit,
693 653 739 704 si
786 652 1052 704 masculos
1100 651 1280 718 plures
1327 647 1494 700 creari
1533 645 1690 713 ueliS‚
1737 646 1822 697 ad-

155 725 415 777 missurae
455 728 695 793 tempore
729 726 897 778 siccos
931 726 1041 777 dies
1075 728 1128 776 et
1159 723 1388 776 halitum
1422 719 1821 788 septemtrionis

156 798 459 868 eligendum
500 805 553 850 et
594 803 779 851 contra
818 818 940 852 eum
979 803 1200 851 uentum
1240 813 1430 865 greges
1464 812 1577 846 esse
1610 812 1823 862 pascen-

90 892 132 924 10
157 872 275 924 dos:
316 873 359 923 si
400 873 625 925 feminas
667 873 910 942 generari
946 873 1097 940 uelis,
1137 871 1305 924 austri
1339 869 1628 937 captandos
1662 869 1822 919 flatus

157 949 210 998 et
256 946 312 997 in
360 965 481 998 eum
527 965 727 1015 pascua
774 946 1049 1017 dirigenda
1095 965 1154 998 ac
1196 946 1270 997 sic
1310 942 1568 995 ineundas
1609 945 1822 994 matres.

157 1022 492 1071 mortuarum
547 1021 632 1072 uel
686 1021 1007 1073 uitiosarum
1061 1037 1312 1071 numerus
1367 1017 1582 1070 nouella
1636 1016 1823 1068 subole

156 1098 450 1161 reparetur.
512 1098 769 1148 autumno
811 1094 1011 1147 debiles
1053 1112 1291 1163 quaeque
1324 1091 1500 1159 pretio
1534 1093 1822 1154 mutentur,
1863 1087 1897 1141 5

157 1185 222 1219 ne
278 1185 366 1219 eas
421 1167 698 1220 inbecillas
753 1169 1038 1220 hibernum
1091 1168 1263 1237 frigus
1320 1165 1582 1217 absumat.
1660 1162 1826 1231 aliqui

93 1261 136 1293 15
159 1241 366 1292 duobus
422 1244 544 1293 ante
592 1243 866 1294 mensibus
916 1241 1110 1294 arietes
1162 1260 1191 1292 a
1243 1241 1388 1293 coitu
1434 1241 1713 1307 reuocant,
1765 1241 1827 1288 ut

159 1314 331 1366 facem
362 1314 601 1367 libidinis
636 1320 830 1385 augeat
864 1316 1051 1368 dilatio
1077 1315 1387 1384 uoluptatis,
1443 1313 1660 1381 quidam
1685 1309 1826 1364 coire

161 1388 274 1440 sine
323 1389 640 1441 discretione
691 1390 1036 1457 permittunt,
1090 1393 1150 1441 ut
1204 1390 1306 1441 hoc
1361 1387 1437 1439 eis
1494 1403 1686 1455 genere
1732 1402 1828 1453 per

160 1480 357 1514 annum
396 1465 572 1515 totum
610 1463 786 1515 fetura
823 1482 933 1516 non
971 1464 1122 1516 desit.

491 1654 585 1707 DE
628 1653 1099 1708 EXTIRPANDO
1142 1652 1498 1706 GRAMINE.

95 1778 137 1809 20
269 1757 388 1810 Hoc
421 1777 615 1823 mense,
646 1777 769 1827 cum
802 1758 881 1810 sol
915 1758 1092 1810 cancri
1125 1757 1331 1810 tenebit
1354 1755 1668 1824 hospitium,
1698 1754 1827 1806 luna
1870 1751 1915 1804 V

162 1834 312 1882 sexta
335 1832 390 1883 in
415 1832 714 1900 capricorni
740 1832 894 1901 signo
920 1832 1099 1899 posita
1126 1849 1346 1900 gramen
1373 1830 1613 1882 ablatum
1641 1826 1830 1880 Graeci

162 1905 414 1957 adserunt
460 1906 595 1957 nihil
644 1907 705 1957 de
754 1906 1021 1957 radicibus
1069 1904 1417 1957 redditurum.
1493 1904 1626 1955 item
1669 1901 1715 1953 si
1754 1901 1830 1953 bi-

162 1978 346 2030 dentes
387 1979 567 2048 cyprei
606 1980 740 2031 fiant
787 1984 841 2030 et
890 1979 1147 2048 sanguine
1195 1979 1477 2047 tingantur
1522 1976 1729 2028 hircino
1778 1978 1831 2026 et

163 2055 286 2120 post
333 2052 566 2105 fornacis
616 2054 831 2105 ardores
878 2071 986 2104 non
1034 2071 1173 2121 aqua
1213 2053 1304 2104 sed
1345 2052 1530 2103 eodem
1571 2049 1830 2120 sanguine

97 2146 139 2179 25
163 2130 551 2194 temperentur,
590 2145 685 2195 per
725 2145 814 2179 eos
857 2130 1065 2178 erutum
1107 2144 1330 2195 gramen
1370 2124 1628 2193 extingui.

283 2276 307 2314 3
334 2273 404 2314 est
428 2285 508 2315 om.
528 2272 619 2315 SE
640 2274 654 2327 ΙΙ
679 2277 702 2314 5
728 2270 943 2313 muniunt
967 2271 1004 2327 ῼ
1031 2271 1036 2328 Ι
1064 2269 1277 2313 incidunt
1301 2268 1602 2312 custodiende
1628 2268 1800 2310 suntE
1820 2267 1834 2324 {l

165 2335 189 2372 6
224 2330 499 2373 Arestotiles
537 2331 578 2374 G
615 2333 630 2387 ΙΙ
670 2335 694 2373 8
728 2333 936 2386 tempora
977 2331 1044 2386 ΤΙ
1074 2329 1138 2372 sic
1172 2328 1403 2373 custodies
1437 2327 1529 2384 ΡΩ
1546 2327 1627 2370 VS
1641 2327 1751 2380 TE,
1794 2325 1832 2368 si

165 2388 397 2432 custodies
422 2391 465 2432 L
493 2392 498 2446 Ι
529 2389 693 2433 alitum
719 2390 811 2445 PQ
830 2390 880 2444 V,
915 2388 1206 2443 aliquantum
1230 2389 1288 2442 F,
1323 2387 1487 2430 alitum
1519 2389 1725 2442 tempore
1751 2385 1800 2427 E
1819 2384 1835 2442 Η

167 2451 191 2489 9
233 2447 499 2504 eligendum
540 2452 620 2492 est.
678 2451 725 2491 et
764 2449 814 2491 Ε
856 2450 869 2504 Η
918 2452 971 2490 10
1022 2461 1176 2490 creare
1224 2446 1340 2490 uelis
1388 2448 1435 2489 et
1481 2457 1699 2502 generare
1739 2444 1789 2486 E
1826 2447 1830 2501 1

168 2506 339 2549 austeri
386 2507 478 2563 ΡΩ
527 2508 532 2564 Ι
584 2506 913 2564 captandisunt
958 2506 1095 2549 flatus
1135 2507 1178 2548 V
1226 2509 1240 2562 Η
1296 2511 1346 2547 11
1397 2518 1450 2547 ac
1498 2503 1639 2547 sicine
1685 2503 1834 2545 undas

165 2568 338 2608 matres
369 2568 654 2609 mortuorum
686 2566 760 2608 uel
791 2565 1011 2609 uitiorum
1044 2567 1113 2622 V!
1144 2564 1182 2607 si
1207 2578 1293 2620 pro
1327 2564 1392 2607 sic
1429 2563 1469 2606 G
1493 2565 1506 2618 Η
1533 2568 1585 2605 12
1619 2564 1672 2604 111
1700 2564 1833 2604 mort.

171 2625 325 2679 Piae,
373 2625 464 2682 [ut]
503 2635 636 2669 mort.
677 2640 735 2682 ys
785 2628 789 2680 l
839 2625 915 2667 uel
954 2624 1248 2667 initiaturum
1281 2638 1315 2679 p
1365 2626 1369 2678 1
1420 2621 1608 2664 nouella
1647 2635 1728 2664 om.
1756 2635 1792 2675 22
1822 2620 1836 2677 Η

171 2687 223 2726 13
257 2697 439 2739 quoque
468 2684 510 2727 G
532 2686 546 2741 ΙΙ
572 2689 624 2727 15
659 2684 813 2727 accitu
845 2683 912 2726 ire
935 2686 1105 2727 uocant
1132 2684 1222 2725 PL
1248 2685 1261 2738 11
1288 2687 1340 2724 16
1374 2681 1542 2724 faciem
1566 2681 1615 2722 E
1635 2682 1649 2735 11
1675 2684 1726 2721 21
1763 2692 1836 2721 ca-

168 2742 379 2798 pricorno
419 2743 485 2797 E,
535 2742 805 2798 capricornu
848 2742 889 2786 G
945 2744 950 2797 Ι
1006 2742 1161 2798 posita
1209 2756 1288 2785 om«.
1324 2741 1372 2783 E
1420 2743 1424 2795 1
1475 2738 1676 2796 gratiam
1715 2738 1792 2781 El
1822 2738 1837 2795 Η

171 2806 225 2844 22
257 2801 512 2844 rediturum
548 2802 772 2858 TEz'acy
796 2804 809 2857 ΙΙ
835 2806 887 2843 23
920 2801 1195 2858 tinguantur
1227 2800 1479 2856 PLQVT
