2014 3169
170 94 278 145 250
874 89 1157 133 PALLADE

170 214 377 267 excisae
417 214 598 265 trabes
640 212 753 264 eius
795 215 888 264 aut
927 211 984 264 in
1022 211 1230 280 piscina
1271 211 1512 279 qualibet
1552 230 1690 264 anno
1732 214 1850 265 toto

170 306 375 340 mersae
415 288 648 339 laterent
686 289 811 354 post
851 286 1000 354 operi
1039 285 1255 338 futurae
1291 289 1385 338 aut
1415 284 1630 338 harenis
1666 286 1854 338 obrue-

169 366 356 415 rentur
402 362 460 413 in
506 361 687 428 litore,
735 364 796 412 ut
844 360 1237 429 adgestionem,
1290 377 1394 428 qua
1441 362 1615 413 tectae
1657 364 1853 427 essent,

170 436 392 489 alternis
435 434 673 487 aestibus
718 434 1057 502 reciprocans
1097 433 1294 486 fluctus
1336 432 1590 487 ablueret.
1661 434 1851 487 cedrus

169 510 428 562 durabilis
439 553 451 578 ,
500 509 606 561 nisi
661 526 847 561 umore
896 511 1167 578 tangatur.
1249 526 1614 576 quaecumque
1666 512 1850 561 autem
1902 529 1922 561 5

169 603 232 636 ex
282 587 435 652 parte
487 583 783 636 meridiana
836 583 1154 649 caeduntur,
1210 582 1458 634 utiliores
1512 586 1661 634 sunt:
1714 600 1850 651 quae

168 677 294 711 uero
322 677 386 710 ex
412 657 858 726 septemtrionali,
883 656 1233 725 procerioreS‚
1268 656 1359 708 sed
1384 655 1543 709 facile
1567 656 1849 708 uitiantur.

230 837 328 889 DE
371 833 992 889 TRANSFERENDIS
1034 832 1455 887 ARBORIBVS
1497 832 1802 888 MAIORIS

851 922 1179 977 AETATIS.

77 1031 209 1085 XVI
322 1030 442 1083 Hoc
494 1048 676 1082 mense
727 1029 860 1081 locis
912 1028 1092 1097 sicciS‚
1145 1027 1332 1080 calidis
1375 1031 1429 1079 et
1462 1025 1657 1095 apricis
1692 1025 1857 1078 maio·
1883 1048 1923 1079 10

169 1125 254 1158 res
297 1104 517 1157 arbores
558 1103 945 1156 transferemus
986 1102 1252 1155 truncatis
1292 1102 1474 1167 ramis,
1513 1101 1734 1153 inlaesis
1774 1119 1856 1153 ra-

169 1179 607 1254 dicibuffimulto
651 1182 885 1231 stercore
927 1180 981 1228 et
1021 1176 1382 1246 rigationibus
1424 1175 1769 1228 adiuuandas

173 1358 270 1410 DE
306 1356 496 1410 OLEO
532 1354 910 1409 FACIENDO
949 1354 1359 1408 SECVNDVM
1393 1350 1729 1406 GRAECOS
1762 1351 1856 1405 ET

771 1442 1262 1497 EMENDANDO.

79 1551 240 1605 XVII
357 1549 547 1617 Graeci
594 1550 651 1601 in
692 1548 1007 1602 conficiendi
1049 1548 1154 1600 olei
1199 1547 1501 1616 praeceptis
1542 1547 1650 1598 ista
1688 1547 1854 1598 iusse-
1883 1565 1924 1597 15

168 1629 310 1678 runt.
387 1628 603 1676 tantum
653 1624 941 1693 legendum
993 1640 1108 1674 esse
1149 1622 1347 1691 oliuae,
1400 1624 1660 1690 quantum
1699 1623 1857 1672 nocte

170 1700 421 1752 ueniente
462 1699 733 1767 possimus
776 1697 1087 1766 exprimere.
1153 1697 1353 1749 molam
1392 1696 1568 1764 primo
1611 1694 1728 1747 oleo
1769 1694 1855 1746 de-

170 1776 296 1826 bere
351 1772 546 1825 leuiter
601 1791 715 1824 esse
775 1790 1105 1840 suspensam.
1193 1789 1316 1823 ossa
1381 1770 1523 1821 enim
1579 1764 1877 1821 confracta

171 1849 507 1900 sordescunt:
550 1865 711 1914 quare
753 1846 814 1898 de
857 1846 986 1898 solis
1029 1845 1278 1897 carnibus
1322 1844 1394 1896 sit
1433 1844 1609 1912 prima
1649 1842 1855 1896 confec-

170 1922 263 1975 tio.
358 1921 581 1991 salignis
639 1921 904 1974 canistros
960 1919 1077 1972 fieri
1133 1920 1324 1971 debere
1380 1917 1659 1987 uirgultis,
1728 1917 1857 1986 quia
1882 1938 1924 1968 20

94 2001 128 2051 i>
172 2014 340 2065 genus
404 1997 507 2048 hoc
571 1995 747 2048 oleum
811 1993 1008 2047 dicitur
1072 1993 1342 2045 adiuuare.
1433 1992 1670 2044 nobilius
1735 1991 1855 2059 erit,

171 2071 311 2138 quod
351 2074 541 2138 sponte
576 2068 872 2121 defluxerit.
938 2069 1077 2120 sales
1113 2067 1300 2119 deinde
1335 2085 1395 2119 ac
1426 2066 1632 2118 nitrum
1664 2065 1855 2117 iubent

169 2162 311 2196 nouo
354 2144 470 2196 oleo
512 2143 742 2210 misceri7
781 2146 842 2194 ut
874 2143 1005 2195 haec
1038 2160 1122 2194 res
1165 2141 1573 2210 spissitudinem
1613 2139 1726 2191 eius
1762 2139 1851 2190 ab·

172 2219 371 2270 soluat:
429 2217 574 2286 dein,
622 2236 744 2270 cum
793 2235 1011 2269 amurca
1059 2216 1385 2284 subsederit,
1434 2215 1611 2267 oleum
1657 2231 1853 2283 purum

168 2293 399 2362 triginta
424 2291 610 2344 diebus
637 2291 837 2344 exactis
871 2292 928 2342 in
952 2290 1127 2342 nitrea
1160 2308 1290 2342 uasa
1324 2288 1624 2341 transferri.
1671 2305 1856 2340 secun·
1881 2307 1922 2338 25

171 2368 297 2418 dum
338 2367 503 2419 simili
544 2366 829 2434 disciplina
860 2365 992 2433 fieri,
1034 2365 1124 2416 sed
1158 2364 1302 2416 mola
1334 2363 1558 2415 fortiore
1594 2360 1855 2430 quassari.

290 2547 310 2584 1
339 2544 438 2585 toto
465 2556 545 2585 om.
569 2542 610 2585 G
634 2544 647 2596 ΙΙ
674 2546 698 2583 2
724 2553 902 2584 mersae
928 2554 1008 2583 om..
1026 2555 1059 2595 p
1083 2542 1097 2595 Η
1117 2541 1146 2581 '3
1175 2539 1234 2582 ad
1253 2538 1563 2593 digestionem
1579 2538 1629 2581 Ε
1649 2538 1664 2595 ΙΙ
1688 2542 1715 2580 4
1743 2535 1857 2580 acti-

169 2602 256 2644 bus
289 2602 338 2644 E
363 2609 368 2655 1
398 2604 553 2645 aestus
581 2615 667 2657 pro
700 2600 866 2643 fluctus
894 2614 928 2655 p
957 2602 960 2652 Ι
992 2599 1202 2642 ablueret
1241 2598 1410 2653 VGE,
1453 2597 1651 2640 allueret
1680 2597 1812 2642 ceteri
1843 2596 1858 2653 11

174 2666 195 2703 7
232 2660 557 2716 Septentrione
586 2675 620 2715 p
647 2663 652 2715 1
682 2659 909 2702 uitientur
952 2659 991 2701 V
1013 2662 1026 2714 Η
1063 2663 1087 2700 8
1120 2656 1374 2700 MINORIS
1412 2657 1453 2700 G
1477 2659 1490 2712 Η
1529 2662 1580 2699 11
1614 2657 1856 2699 truncatas

172 2720 362 2764 PLSG
387 2722 400 2775 Η
429 2726 480 2763 15
516 2719 800 2763 conficiendo
834 2719 879 2761 P
904 2720 909 2774 1
938 2717 1007 2760 ita
1042 2718 1083 2761 G
1107 2719 1121 2773 ΙΙ
1149 2722 1201 2760 16
1235 2716 1435 2773 legenda
1460 2716 1510 2758 E
1531 2718 1544 2771 ΙΙ
1572 2720 1624 2758 19
1659 2713 1857 2759 carnali-

170 2780 257 2821 bus
294 2780 334 2823 G
382 2783 396 2835 ΙΙ
450 2784 506 2823 20
540 2783 587 2822 et
626 2779 682 2821 de
724 2777 918 2834 salignis
952 2778 1055 2831 Ea,
1103 2778 1169 2833 [et
1202 2776 1277 2833 de]
1316 2775 1510 2832 salignis
1543 2789 1653 2832 093,
1697 2772 1857 2830 saligi-

170 2838 269 2880 neis
298 2854 332 2894 p
362 2841 366 2894 Ι
403 2839 543 2882 debet
576 2839 625 2881 E
652 2840 656 2895 Ι
696 2852 789 2893 qua
821 2837 870 2880 E
892 2840 905 2892 ΙΙ
942 2841 998 2878 24
1030 2835 1208 2879 Deinde
1242 2835 1544 2891 SEFiacys
1566 2836 1580 2890 ΙΙ
1617 2838 1670 2877 25
1706 2832 1856 2876 uitreo

172 2911 281 2940 uase
323 2899 365 2940 V
386 2902 399 2953 Η
426 2903 478 2941 26
513 2896 686 2941 cassari
719 2898 768 2940 E
