2014 3169
178 85 286 138 234
883 84 1164 127 PALLADH

178 207 446 260 fecundat.
522 206 698 274 primo
741 205 960 272 seritur,
1007 205 1196 257 deinde
1237 206 1605 274 proscinditur
1644 209 1697 258 et
1737 209 1865 260 tunc

180 281 434 335 sulcatur.
508 280 742 332 occanda
776 283 859 331 est
890 279 1056 348 large,
1096 282 1158 330 ut
1196 279 1311 348 tegi
1349 279 1643 348 plurimum
1674 281 1865 349 possit.

106 355 140 407 2
182 356 349 424 aliqui
399 354 533 407 locis
586 353 800 424 frigidis
854 354 1040 406 dicunt
1090 353 1148 404 in
1207 353 1364 406 fabae
1417 354 1624 407 satione
1677 354 1864 424 glebas

179 449 287 483 non
328 447 442 482 esse
484 426 823 498 frangendaS‚
863 431 925 479 ut
956 446 1051 495 per
1091 445 1180 479 eas
1215 428 1590 497 gelicidiorum
1622 431 1866 497 tempore

178 504 391 574 possint
424 503 669 573 germina
695 502 1018 555 obumbrata
1051 501 1274 554 defendi.
1325 502 1532 554 satione
1566 502 1678 555 eius
1705 520 1866 572 gene—
1914 522 1934 555 5

179 580 268 646 ris,
303 578 442 630 sicut
468 577 649 645 opinio
675 575 857 643 habet,
888 594 997 628 non
1021 575 1338 628 fecundatur
1370 579 1529 645 terra,
1564 577 1657 628 sed
1688 577 1866 628 minus

178 653 423 705 laeditur.
484 670 611 703 nam
645 649 947 703 Columella
980 650 1111 702 dicit
1145 667 1337 719 agrum
1368 650 1656 702 frumentis
1689 651 1868 703 utilio-

178 746 292 779 rem
331 725 577 795 probari,
623 724 715 793 qui
756 743 894 777 anno
938 724 1203 792 superiori
1243 743 1446 777 uacuus
1485 724 1666 792 fuerit,
1707 743 1867 793 quam

181 800 273 870 qui
313 801 547 853 calamos
587 799 839 851 fabaceae
880 799 1072 850 messis
1116 798 1311 850 eduxit.
1378 799 1579 868 pingue
1618 799 1868 868 iugerum

107 874 139 926 3
180 894 272 928 sex
321 875 486 927 modii
535 877 823 942 occupant,
878 872 1144 925 mediocre
1185 872 1434 942 amplius.
1514 873 1689 941 spisso
1729 873 1865 925 bene
1893 893 1935 924 10

177 949 449 1019 prouenit:
499 967 743 1001 macrum
789 948 965 1000 locum
1015 947 1445 1016 nebulosumque
1493 965 1602 999 non
1645 947 1866 1016 patitur.

181 1023 474 1077 curandum
515 1021 821 1092 praecipue,
868 1025 930 1073 ut
977 1022 1106 1073 luna
1156 1022 1348 1090 quinta
1395 1021 1601 1074 decima
1643 1024 1870 1089 seratur,

181 1099 226 1150 si
278 1098 450 1150 adhuc
501 1098 671 1149 ictum
722 1096 852 1149 solis
906 1114 1224 1164 repercussa
1273 1114 1383 1148 non
1439 1095 1622 1148 sensit.
1703 1095 1870 1165 aliqui

180 1173 364 1225 dicunt
405 1175 656 1241 quartam
697 1171 958 1223 decimam
999 1170 1181 1239 potius
1223 1169 1542 1240 eligendam.
1606 1169 1869 1240 sanguine

181 1246 414 1315 eaponis'
435 1244 628 1298 Graeci
661 1246 916 1297 adserunt
947 1244 1107 1297 fabae
1142 1245 1348 1297 semina
1379 1247 1653 1297 macerata
1683 1243 1867 1296 herbis
1895 1262 1937 1295 15

181 1320 594 1373 aduersantibus
634 1338 745 1372 non
791 1320 986 1371 noceri.
1066 1337 1206 1388 aqua
1256 1318 1428 1388 pridie
1476 1317 1657 1370 infusa
1708 1317 1870 1370 citius

179 1395 327 1447 nasci
341 1437 353 1462 ⁷
411 1394 618 1446 nitrata
677 1412 817 1462 aqua
871 1411 1117 1462 respersa
1173 1396 1451 1445 cocturam
1505 1410 1616 1444 non
1668 1393 1870 1445 habere

181 1469 470 1521 difficilem.
534 1486 676 1520 nunc
718 1467 917 1519 seritur
956 1467 1133 1535 prima
1172 1467 1446 1532 lenticula,
1489 1468 1628 1519 sicut
1661 1466 1871 1519 februa·

179 1543 259 1596 rio
302 1561 484 1595 mense
523 1545 807 1594 narratum
848 1545 946 1593 est.
1022 1541 1126 1593 hoc
1174 1540 1340 1592 etiam
1381 1544 1500 1593 toto
1550 1559 1731 1593 mense
1772 1557 1870 1609 po-

179 1618 309 1670 terit
350 1616 466 1668 lini'
489 1634 672 1668 semen
711 1616 938 1685 aspergi.
1897 1634 1941 1666 20

181 1811 279 1863 DE
324 1807 582 1862 PRATIS
623 1807 847 1861 NOVIS
895 1806 1441 1876 INSTITVENDIS‚
1493 1805 1870 1859 PONENDIS

181 1897 475 1952 VITIBVS
501 1897 596 1950 ET
620 1895 1146 1950 PROPAGANDIS
1173 1897 1268 1949 ET
1291 1894 1874 1950 CIROVMFODIEN-

282 1987 402 2040 DIS
443 1986 814 2040 NOVELLIS
856 1986 951 2040 AC
992 1985 1445 2040 RECIDENDIS
1487 1983 1784 2038 MERGIS.

90 2094 146 2146 Π
302 2092 367 2144 In
420 2093 579 2144 huius
636 2091 867 2144 maxime
923 2091 1190 2160 principio
1246 2108 1533 2159 possumus
1588 2089 1873 2142 instituere

181 2186 325 2220 noua
375 2170 535 2236 prata
587 2185 758 2232 more⁷
811 2184 915 2234 quo
965 2166 1167 2218 dictum
1216 2168 1312 2217 est.
1388 2164 1491 2217 hoc
1539 2163 1702 2216 etiam
1751 2165 1870 2215 toto
1897 2182 1940 2214 25

183 2260 364 2294 mense
413 2241 545 2293 locis
596 2240 781 2292 calidis
832 2244 885 2292 et
934 2239 1089 2292 siccis
1138 2239 1227 2291 uel
1278 2238 1474 2307 apricis
1524 2238 1627 2290 erit
1674 2237 1874 2289 uitium

185 2315 505 2368 celebranda
543 2315 759 2383 positio.
836 2332 979 2366 nunc
1020 2317 1072 2366 et
1112 2331 1356 2383 propago
1397 2313 1512 2364 iure
1554 2313 1780 2365 ducetur
1819 2313 1874 2363 et

306 2481 327 2519 1
362 2476 583 2519 fecundet
611 2475 651 2519 G
669 2477 708 2518 T
735 2476 909 2531 incy-s,
951 2474 1119 2517 fundat
1145 2473 1194 2516 F
1218 2475 1222 2530 Ι
1252 2475 1361 2515 tunc
1388 2486 1468 2515 om.
1495 2473 1538 2516 L
1563 2475 1577 2529 ΙΙ
1601 2478 1626 2515 3
1652 2471 1872 2529 glebas-

187 2535 367 2578 satione
401 2548 481 2578 om.
516 2536 566 2578 E
599 2537 612 2590 11
652 2540 679 2577 4
712 2533 1039 2591 gelicidiarum
1073 2533 1165 2576 PL
1184 2532 1379 2576 VGSF
1407 2533 1424 2574 i
1459 2535 1472 2587 ΙΙ
1509 2537 1533 2574 5
1567 2529 1781 2588 gramina
1811 2531 1831 2572 i
1870 2530 1874 2589 Ι

188 2599 210 2637 7
253 2594 498 2637 colomella
538 2595 583 2637 P
633 2597 647 2650 ΙΙ
711 2599 735 2637 8
781 2592 1015 2650 superiore
1058 2593 1291 2648 GFacqs
1345 2594 1358 2647 Η
1414 2596 1438 2633 9
1478 2591 1652 2648 pingue
1684 2603 1767 2634 om.
1793 2603 1829 2644 p
1872 2597 1875 2646 Ι

188 2659 239 2696 11
275 2654 482 2696 Macrum
516 2667 626 2696 uero
664 2654 704 2696 T
745 2655 749 2709 Ι
794 2652 941 2697 solum
971 2667 1055 2708 pro
1087 2652 1241 2695 locum
1274 2652 1427 2707 {acy-5
1466 2652 1479 2706 ΙΙ
1522 2655 1574 2692 12
1609 2647 1875 2693 Curandum

187 2716 258 2756 est
290 2728 428 2770 aegas,
464 2712 820 2768 Curandumque
839 2713 887 2755 E
909 2714 922 2768 ΙΙ
950 2717 1001 2753 13
1030 2711 1110 2754 sed
1130 2724 1217 2766 pro
1251 2709 1289 2751 si
1315 2711 1363 2752 E
1389 2712 1394 2764 1
1423 2709 1517 2752 Alii
1539 2709 1601 2753 S¹
1625 2711 1639 2765 ΙΙ
1666 2712 1718 2750 17
1743 2706 1874 2750 nasci

187 2786 267 2815 om.
303 2773 352 2815 E
408 2774 412 2824 Ι
471 2772 647 2815 intrata
680 2772 729 2815 E
781 2776 794 2823 ΙΙ
848 2775 902 2814 23
943 2770 1125 2813 NOVIS
1158 2770 1208 2813 E
1263 2770 1268 2827 Ι
1326 2767 1550 2812 MERGIS
1591 2781 1674 2812 om.
1709 2767 1764 2822 L,
1798 2765 1874 2809 AC

186 2831 546 2875 RECIDENDIS
580 2830 805 2874 MERGIS
831 2844 912 2874 om.
947 2831 1035 2873 iac
1059 2833 1072 2886 ΙΙ
1099 2834 1153 2872 24
1177 2828 1378 2872 maxime
1404 2827 1573 2871 mensis
1599 2842 1640 2882 a,
1672 2824 1874 2869 maxime

188 2890 399 2948 [mensis]
433 2893 638 2947 69811‘26
673 2889 747 2933 uel
784 2888 953 2945 apricis
988 2903 1069 2933 om.
1099 2903 1145 2944 p.
