2014 3169
160 135 186 184 1
195 133 265 184 64
857 129 1138 172 PALLADII

159 257 430 307 crescente
487 270 653 303 uerno
702 252 788 303 uel
838 255 1097 303 autumno
1145 249 1262 301 fieri
1309 248 1501 301 debere
1548 250 1837 317 praecepit.

161 328 254 380 alii
293 326 465 396 ligato
507 326 573 378 ad
612 325 918 377 machinam
958 323 1133 376 uitulo
1167 322 1373 375 duabus
1408 323 1653 393 angustis
1684 341 1837 393 regu-

161 403 229 454 lis
279 400 521 470 stagneis
570 399 711 451 sicut
757 396 1052 466 forcipibus
1100 396 1247 466 ipsos
1301 414 1497 448 neruos
1549 397 1839 465 adprehen-

90 478 123 530 2
164 477 321 542 dunt,
368 474 462 543 qui
503 472 704 525 Graece
752 475 1102 525 cremasteres
1151 471 1416 523 dicuntur.
1491 470 1576 522 his
1618 489 1840 539 conpre-

163 549 347 601 hensis
387 551 570 599 tentos
611 547 894 599 testiculos
935 545 1077 598 ferro
1110 548 1354 596 resecant
1387 548 1441 596 et
1472 544 1550 596 ita
1581 546 1841 612 recidunt,
1889 568 1908 600 5

162 627 225 675 ut
273 622 478 690 aliquid
526 622 587 673 de
634 620 718 672 his
769 621 1036 689 capitibus
1076 636 1366 671 neruorum
1406 636 1626 670 suorum
1665 618 1842 670 dimit-

163 701 314 749 tatur
352 696 586 748 haerere.
652 713 785 764 quae
825 713 909 746 res
951 698 1004 745 et
1042 693 1320 762 sanguinis
1352 692 1691 744 nimietatem
1723 710 1842 761 pro-

164 771 318 823 hibet
357 774 412 822 et
449 788 559 822 non
600 769 818 822 omnino
859 769 1113 820 iuuencos
1156 766 1419 818 subducto
1453 766 1644 818 robore
1676 766 1843 818 uirili-

161 846 295 897 tatis
335 844 623 896 effeminat.
701 862 800 895 nec
841 841 1234 894 admittendum
1276 843 1381 909 est,
1421 841 1563 908 quod
1601 840 1843 908 plerique

162 919 391 986 faciunt,
446 922 507 969 ut
564 918 749 969 statim
805 919 1071 969 castratos
1121 915 1262 967 coire
1321 914 1641 983 conpellant.
1717 933 1844 966 nam
1869 938 1912 969 ιο

164 997 370 1046 certum
412 994 494 1044 est
535 992 600 1043 ab
643 991 718 1043 eis
760 990 1020 1060 generari,
1062 989 1153 1041 sed
1192 989 1338 1057 ipsos
1381 989 1526 1040 fluxu
1567 988 1844 1058 sanguinis

163 1068 401 1119 interire.
454 1065 680 1118 uulnera
712 1083 839 1117 uero
875 1067 1207 1117 castraturae
1242 1063 1415 1115 cinere
1451 1067 1848 1114 sarmentorum

95 1143 127 1194 3
170 1146 224 1193 et
280 1159 472 1209 spuma
519 1140 758 1192 linentur
808 1137 1036 1208 argenti.
1112 1140 1383 1189 castratus
1432 1137 1770 1188 abstineatur
1817 1155 1849 1188 a

165 1219 298 1285 potu
354 1219 408 1266 et
471 1213 602 1266 cibis
666 1217 921 1282 pascatur
983 1212 1192 1281 exiguis
1249 1229 1310 1263 ac
1367 1210 1613 1278 sequenti
1667 1210 1848 1262 triduo

166 1290 527 1359 praebeantur
582 1288 628 1340 ei
680 1292 895 1340 tenerae
944 1287 1198 1338 arborum
1248 1285 1587 1337 summitates
1638 1288 1692 1336 et
1738 1284 1849 1336 fru-
1876 1306 1916 1338 15

168 1367 314 1416 tecta
360 1363 548 1415 mollia
595 1365 649 1414 et
694 1362 893 1414 herbae
940 1359 1130 1412 uiridis
1179 1377 1332 1411 coma
1379 1359 1615 1411 dulciore
1661 1359 1850 1428 sagina

168 1437 306 1490 roris
355 1441 448 1489 aut
494 1436 747 1488 fluminis.
825 1435 942 1504 pice
992 1434 1155 1485 etiam
1201 1433 1407 1502 liquida
1454 1434 1624 1485 mixto
1674 1433 1850 1485 cinere

170 1516 225 1564 et
249 1511 458 1563 modico
485 1512 603 1563 oleo
629 1514 754 1578 post
779 1509 1020 1561 triduum
1044 1509 1269 1560 uulnera
1286 1507 1577 1577 diligenter
1601 1507 1853 1576 ungenda

172 1590 312 1639 sunt.
377 1585 468 1637 sed
508 1584 700 1636 melius
742 1601 911 1653 genus
954 1582 1297 1634 castrationis
1339 1599 1566 1649 sequens
1606 1599 1736 1633 usus
1775 1581 1853 1632 in-

96 1662 132 1714 4
169 1660 334 1713 uenit.
413 1659 637 1728 alligato
687 1659 827 1710 enim
875 1658 1100 1709 iuuenco
1149 1660 1311 1724 atque
1359 1656 1563 1708 deiecto
1614 1653 1852 1707 testiculi
1878 1676 1921 1708 20

174 1734 365 1786 stricta
410 1734 550 1802 pelle
600 1733 922 1785 clauduntur
970 1734 1131 1798 atque
1176 1729 1253 1781 ibi
1292 1730 1471 1799 lignea
1511 1729 1700 1798 regula
1739 1747 1854 1797 pre-

173 1812 352 1860 mente
401 1807 718 1860 deciduntur
765 1806 955 1875 ignitis
1005 1803 1282 1857 securibus
1330 1804 1416 1855 uel
1464 1803 1703 1855 dolabris
1752 1803 1853 1865 uel,

176 1883 319 1952 quod
353 1885 435 1934 est
467 1881 674 1949 melius⁷
706 1880 942 1932 formato
978 1880 1043 1930 ad
1075 1879 1178 1930 hoc
1210 1877 1554 1946 ferrament0‚
1593 1881 1655 1929 ut
1688 1875 1855 1947 gladii

177 1956 587 2009 similitudinem
635 1958 833 2007 teneat.
910 1954 988 2005 ita
1032 1953 1174 2005 enim
1215 1953 1356 2004 circa
1395 1952 1570 2021 ipsam
1610 1951 1855 2020 regulam

175 2031 307 2082 ferri
346 2031 487 2082 acies
529 2030 765 2081 ardentis
805 2028 1121 2096 inprimitur
1159 2044 1370 2095 unoque
1410 2027 1522 2078 ictu
1564 2029 1617 2077 et
1649 2043 1856 2076 moram
1883 2046 1924 2079 25

178 2105 380 2157 doloris
421 2103 681 2156 beneficio
724 2102 1017 2155 celeritatis
1060 2101 1296 2153 absumit
1336 2104 1390 2152 et
1429 2100 1565 2151 ustis
1606 2099 1757 2151 uenis
1797 2117 1857 2152 ac

178 2179 410 2248 pellibus
466 2195 496 2228 a
550 2178 695 2229 fluxu
753 2176 1030 2246 sanguinis
1088 2175 1292 2227 strictis
1355 2174 1573 2243 plagam
1636 2173 1857 2225 cicatrix

181 2252 573 2322 quodammodo
616 2270 737 2303 cum
777 2251 895 2318 ipso
936 2250 1156 2302 uulnere
1196 2252 1324 2300 nata
1364 2247 1612 2299 defendit.

303 2404 324 2441 1
361 2397 436 2441 uel
450 2397 593 2441 0m.E
613 2398 616 2454 ᾖ
637 2395 867 2452 praecipit
883 2410 1008 2453 (1093
1024 2399 1038 2453 ΙΙ
1057 2400 1082 2437 3
1100 2393 1358 2438 forcibusG
1375 2395 1379 2451 Ι
1395 2392 1749 2449 apprehendant
1760 2392 1830 2436 Ε1
1845 2392 1861 2451 ΙΙ

185 2464 495 2514 κρεμαστῆρες
520 2458 672 2513 iacys
696 2458 709 2511 ΙΙ
736 2460 759 2498 6
794 2455 1092 2497 dimittantur
1117 2455 1176 2508 E,
1201 2466 1448 2496 neruorum
1472 2451 1772 2508 permittatur
1796 2453 1863 2510 pu

185 2522 210 2560 8
244 2516 431 2560 subdito
468 2516 508 2559 G
533 2518 547 2572 ΙΙ
573 2520 597 2558 9
630 2515 734 2558 Non
768 2514 888 2558 enim
924 2514 1042 2557 adm.
1072 2528 1106 2569 p
1135 2516 1139 2569 Ι
1170 2516 1240 2556 661
1269 2527 1350 2555 om.
1382 2512 1423 2556 G
1446 2514 1460 2567 ΙΙ
1489 2516 1540 2554 10
1572 2511 1751 2554 faciant
1774 2525 1862 2567 pro

185 2576 451 2632 conpellant
479 2590 513 2631 p
552 2578 566 2631 ΙΙ
608 2580 659 2617 11
696 2576 767 2617 661
798 2588 878 2617 om.
907 2574 955 2616 E
988 2576 992 2629 Ι
1029 2572 1187 2629 generi
1224 2572 1273 2628 ρ,
1307 2570 1514 2627 generali
1547 2571 1585 2613 V
1612 2573 1617 2626 Ι
1645 2569 1746 2627 ipso
1780 2570 1822 2613 V
1848 2572 1863 2628 ΙΙ

188 2641 240 2679 13
274 2635 497 2678 111116111111·
528 2635 578 2678 Ε
603 2637 608 2690 Ι
638 2633 877 2677 Castratus
911 2636 1068 2676 autem
1101 2632 1150 2675 E
1184 2634 1198 2688 ΙΙ
1241 2636 1292 2673 14
1327 2634 1373 2673 61
1402 2644 1489 2685 pro
1523 2643 1576 2672 ac
1608 2644 1733 2687 acqs
1760 2630 1766 2687 Ι
1795 2642 1863 2672 se-

185 2698 357 2751 quente
381 2694 423 2738 G
457 2696 472 2750 ΙΙ
512 2699 565 2737 16
601 2693 791 2736 dulcior.
827 2691 1021 2748 asagina
1057 2692 1098 2734 G
1126 2694 1130 2748 Ι
1160 2688 1641 2733 dulciore—fluminis
1673 2703 1755 2732 om.
1783 2703 1818 2744 p
1849 2690 1864 2746 ΙΙ

187 2759 240 2796 17
273 2767 374 2797 rore
400 2754 448 2796 Ε
475 2754 479 2810 Ι
506 2752 653 2796 mixta
689 2753 729 2795 G
761 2755 775 2807 ΙΙ
809 2756 861 2794 18
895 2751 1145 2807 unguenda
1181 2749 1318 2806 chs
1351 2752 1364 2804 ΙΙ
1402 2754 1454 2792 19
1487 2751 1648 2792 tenens
1675 2760 1764 2803 pro
1794 2761 1863 2790 se-

186 2827 329 2867 quens
356 2814 404 2855 E
426 2815 439 2868 ΙΙ
465 2817 520 2854 20
553 2812 688 2855 1111100
714 2812 773 2865 E,
807 2810 956 2853 uitulo
985 2825 1018 2866 p
1047 2814 1051 2865 Ι
1079 2809 1296 2852 1661101110
1325 2809 1372 2851 Ε
1393 2811 1407 2865 ΙΙ
1433 2813 1484 2851 21
1522 2806 1861 2862 atque—deci-

188 2873 360 2915 duntur
399 2886 480 2915 om.
507 2886 540 2928 p
563 2873 577 2927 ΙΙ
604 2877 658 2914 24
692 2870 814 2913 circa
847 2884 927 2913 om.
956 2870 1005 2912 Ε
1030 2870 1034 2926 Ι
1063 2869 1164 2925 ipsa
1192 2868 1233 2912 G
1256 2870 1270 2924 ΙΙ
1295 2872 1348 2911 26
1384 2866 1578 2910 assumit
1602 2866 1686 2922 Ep
1708 2868 1722 2922 ΙΙ
1748 2870 1801 2908 27
1837 2879 1864 2909 a

187 2945 268 2974 om.
295 2946 316 2973 6
351 2933 355 2987 Ι
393 2930 565 2973 strictis
596 2930 786 2986 plagam
820 2943 901 2972 om.
923 2944 977 2984 1),
1010 2930 1114 2972 incl.
1140 2943 1161 2971 s
1191 2930 1204 2983 ΙΙ
1245 2932 1298 2969 28
1332 2927 1455 2983 quod
1490 2925 1687 2969 admodo
1720 2925 1865 2982 PLQ
