2014 3169
734 665 1202 726 PRAEFATIO.

239 892 459 940 Palladii
505 893 563 940 de
611 892 920 956 agricultura
967 906 1090 953 opus
1137 890 1536 952 frequentissime
1577 892 1626 938 et
1674 891 1811 938 lecti-

129 967 298 1014 tatum
337 969 387 1014 et
425 966 808 1028 transscriptum
840 968 935 1014 est:
975 965 1146 1027 itaque
1180 981 1352 1012 eorum
1382 965 1621 1012 librorum
1658 981 1813 1012 manu

131 1040 441 1104 scriptorum,
477 1040 656 1103 quibus
688 1041 780 1088 hoc
806 1055 929 1102 opus
955 1039 1251 1102 continetur,
1283 1054 1518 1086 numerus
1552 1042 1626 1087 est
1654 1055 1811 1101 paene

128 1113 376 1178 infinitus,
428 1115 512 1163 sed
561 1115 711 1177 pauci
758 1130 787 1161 a
832 1114 951 1162 viris
999 1113 1154 1161 doctis
1203 1113 1265 1160 ad
1303 1113 1550 1175 rationem
1588 1113 1811 1161 criticam

129 1188 290 1236 adhuc
338 1189 560 1237 conversi
606 1191 735 1236 sunt.
813 1188 974 1249 prima
1020 1187 1152 1234 enim
1200 1187 1350 1234 editio
1399 1187 1695 1248 scriptorum
1739 1188 1812 1235 rei

127 1262 344 1310 rusticae
384 1265 610 1311 veterum
648 1262 945 1310 Latinorum
985 1277 1113 1308 anno
1158 1263 1298 1308 1470
1330 1261 1553 1308 Venetiis
1591 1278 1680 1323 per
1701 1261 1809 1308 Nic.

127 1336 397 1384 Iensonum
441 1337 642 1384 natione
693 1335 894 1384 Gallum
942 1336 1225 1382 recensente
1275 1334 1486 1398 Georgio
1526 1335 1720 1382 Merula
1758 1335 1812 1382 in

127 1410 289 1458 lucem
339 1404 578 1472 prodiitl:
630 1410 715 1458 sed
752 1409 969 1456 Palladii
1017 1409 1133 1456 libri
1184 1425 1242 1456 ex
1293 1425 1391 1470 quo
1447 1408 1611 1456 codice
1657 1425 1813 1456 manu

128 1484 311 1546 scripto
351 1484 519 1531 hausti
559 1484 673 1548 sint,
712 1500 811 1531 non
850 1484 1024 1545 liquet.
1100 1482 1464 1530 Louaniensem
1504 1484 1672 1530 autem
1712 1483 1812 1530 edi-

125 1557 312 1606 tionem
355 1558 472 1605 anni
514 1560 655 1607 1474
705 1558 1031 1606 Schneiderus
1072 1548 1223 1604 dicit2
1269 1573 1328 1604 ex
1366 1556 1530 1604 codice
1569 1557 1811 1618 peculiari

128 1648 285 1694 eoque
334 1632 532 1696 egregio
589 1632 887 1694 exscriptam
940 1647 1042 1679 esse
1099 1633 1148 1679 et
1193 1630 1378 1678 multas
1431 1632 1809 1693 praeclarasque

124 1706 362 1754 lectiones
401 1706 454 1753 in
484 1706 709 1754 Palladio
752 1707 845 1754 sibi
884 1706 1162 1754 exhibuisse
1195 1721 1252 1752 ac
1289 1705 1598 1766 reliquarum
1637 1705 1810 1753 editio-

126 1796 249 1827 num
286 1780 413 1828 vitia
453 1781 618 1829 omnia
658 1781 937 1829 correxisse.

231 1854 304 1901 De
344 1854 483 1901 libris
530 1870 683 1902 manu
730 1854 946 1917 scriptis,
996 1868 1120 1916 quos
1159 1853 1348 1900 Ulitius
1397 1853 1629 1915 contulit⁷
1683 1852 1811 1899 nihil

132 1928 390 1990 cognitum
430 1931 516 1991 est,
555 1928 653 1975 nisi
693 1928 827 1990 quod
866 1930 915 1976 et
953 1928 1006 1974 in
1038 1928 1265 1990 catalogo
1300 1926 1628 1974 bibliothecae
1659 1926 1811 1974 Hein-

130 2001 298 2049 sianae
337 2004 465 2063 part.
498 2002 523 2048 Ι
554 2020 598 2064 p.
630 2004 730 2050 179
766 2001 1126 2066 Lugd.-Batav.
1163 2003 1302 2049 1683
1343 2000 1561 2047 Palladii
1597 2001 1810 2064 legimus

129 2075 397 2123 editionem
437 2074 779 2124 Coloniensem
819 2076 935 2123 anni
980 2077 1117 2124 1536
1168 2091 1280 2122 cum
1319 2075 1511 2122 duobus
1558 2075 1810 2122 codicibus

126 2165 216 2211 per
253 2149 290 2197 Ι.
331 2149 547 2196 Ulitium
586 2151 835 2198 conlatam
883 2143 1016 2198 esse3
1055 2152 1105 2198 et
1149 2149 1202 2196 in
1241 2149 1361 2196 folio
1410 2148 1565 2196 codici
1602 2149 1811 2212 Lugdu-

126 2223 288 2287 nensi,
341 2223 399 2271 de
453 2240 550 2286 quo
602 2224 733 2272 infra
786 2225 998 2288 dicetur,
1049 2224 1234 2273 inserto
1281 2223 1495 2270 Ulitium
1542 2239 1596 2270 eo
1645 2223 1809 2271 codice

124 2311 275 2344 usum
314 2312 430 2346 esse.

237 2371 291 2420 F.
344 2371 641 2436 Sylburgius
695 2375 869 2420 auctor
927 2372 1157 2420 editionis
1212 2370 1629 2424 Commelinianae
1692 2370 1810 2417 anni

132 2446 273 2493 1595
315 2447 514 2507 praeter
543 2447 906 2494 Bruschianam
945 2447 1159 2494 contulit
1197 2445 1386 2493 codices
1418 2444 1633 2491 Palladii
1663 2444 1809 2491 Pala-

127 2512 312 2566 tin0s4:
369 2535 514 2583 quos,
566 2536 679 2568 cum
727 2536 894 2568 mense
932 2520 1097 2582 Aprili
1136 2519 1254 2567 anni
1296 2520 1434 2566 1875
1476 2519 1662 2566 Romae
1700 2534 1809 2566 Ver-

127 2606 276 2656 sarer,
315 2608 392 2640 me
431 2593 484 2639 in
521 2593 822 2643 bibliotheca
852 2595 1100 2642 Vaticana
1137 2594 1217 2643 vel
1247 2592 1415 2654 potius
1447 2592 1678 2639 Palatina
1709 2608 1808 2639 non

124 2666 400 2728 repperisse
441 2667 596 2716 doleo.
1067 2660 1078 2669 ”

247 2810 270 2849 1
307 2806 499 2850 Gesneri
528 2808 674 2864 praef.
700 2809 878 2853 XLIX.
911 2836 968 2841 —
1002 2814 1026 2851 2
1055 2807 1344 2864 Scriptorum
1366 2805 1434 2849 rei
1458 2805 1661 2850 rusticae
1683 2808 1807 2849 vete-

124 2880 229 2908 rum
270 2865 545 2909 Latinorum
585 2869 695 2912 tom.
734 2869 797 2910 ΙΠ
834 2867 977 2924 praef.
1011 2867 1085 2910 LX.
1119 2894 1174 2899 —
1215 2872 1240 2910 3
1288 2864 1558 2909 Schneideri
1599 2867 1709 2909 tom.
1742 2864 1809 2907 ΙΠ

127 2924 273 2980 praef.
305 2924 426 2970 VIII.
460 2952 515 2957 —
548 2931 576 2969 4
609 2926 879 2970 Schneider-i
909 2930 1020 2971 tom.
1052 2926 1115 2969 m
1144 2926 1289 2983 praef.
1323 2925 1420 2969 VII.

1481 2997 1539 3041 a*
