2014 3169
211 138 238 189 1
247 139 278 191 9
285 138 317 190 6
911 135 1194 179 PALLADE

212 263 306 312 aut
338 258 600 311 fictilibus
634 257 794 309 tubis
851 257 898 309 si
929 275 1024 325 per
1054 256 1288 309 formam
1313 257 1549 325 ducetur,
1582 256 1893 310 solidandas

213 336 295 386 est
352 332 578 400 canalis,
632 350 699 383 ne
754 349 850 400 per
905 331 1070 383 rimas
1119 349 1256 400 aqua
1302 331 1480 399 possit
1526 330 1688 383 elabi:
1745 330 1894 383 cuius

211 406 529 477 magnitudo
576 423 675 474 pro
725 423 894 473 aquae
944 423 1196 457 mensura
1242 404 1485 457 facienda
1532 408 1630 458 est.
1709 403 1755 456 si
1801 422 1897 472 per

211 482 433 550 planum
489 480 694 547 ueniet,
750 479 892 531 inter
948 482 1200 532 centenos
1255 479 1342 530 uel
1391 497 1689 549 sexagenos
1735 478 1896 546 pedes

213 555 413 607 sensim
445 554 737 606 reclinetur
770 556 1043 606 structura
1077 551 1463 622 sesquipedem,
1495 557 1556 605 ut
1585 553 1698 605 uim
1722 551 1898 621 possit
1944 571 1963 603 5

123 631 157 683 2
214 630 413 681 habere
463 628 723 681 currendi.
803 627 848 680 si
899 627 991 695 qui
1039 645 1194 679 mons
1234 627 1548 680 interiectus
1589 624 1898 693 occurrerit,

215 707 309 756 aut
348 722 445 772 per
484 703 657 754 latera
698 702 811 754 eius
853 720 1049 769 aquam
1089 702 1343 753 ducemus
1385 701 1663 769 obliquam
1703 703 1797 753 aut
1833 700 1897 752 ad

214 796 383 846 aquae
426 780 589 845 caput
631 776 913 844 speluncas
954 776 1290 843 librabimUS,
1330 794 1425 844 per
1461 794 1592 844 quas
1626 778 1900 828 structura

214 851 511 921 perueniat.
576 850 667 902 sed
702 850 748 902 si
781 868 836 902 se
869 849 1030 902 uallis
1064 850 1370 916 interserat,
1404 853 1608 902 erectas
1640 849 1780 917 pilas
1812 849 1899 900 uel

215 944 371 978 arcus
411 943 581 994 usque
623 925 689 977 ad
730 942 898 993 aquae
937 923 1085 976 iusta
1123 924 1358 993 uestigia
1399 927 1773 977 construemus
1807 926 1901 975 aut
1926 941 1967 974 10

214 1000 485 1069 plumbeis
535 999 733 1051 fistulis
774 999 1012 1051 clausam
1051 999 1188 1050 deici
1227 1000 1498 1066 patiemur
1539 1002 1593 1049 et
1633 997 1902 1066 explicata

210 1075 353 1126 ualle
396 1091 734 1143 consurgere.
813 1073 927 1141 sed,
983 1073 1125 1141 quod
1165 1076 1248 1125 est
1288 1071 1559 1124 salubrius
1602 1075 1657 1125 et
1695 1071 1900 1133 utilius,

210 1147 472 1201 fictilibus
514 1148 660 1200 tubis
703 1166 825 1200 cum
866 1147 1100 1215 ducitur,
1151 1147 1358 1199 duobus
1410 1146 1598 1216 digitis
1641 1145 1809 1198 crassi
1848 1148 1901 1197 et

213 1241 277 1275 ex
318 1241 425 1274 una
464 1225 618 1290 parte
653 1222 946 1274 reddantur
981 1220 1214 1291 angusti,
1254 1225 1315 1272 ut
1346 1219 1515 1290 palmi
1548 1220 1726 1289 spatio
1760 1237 1898 1271 unus

211 1298 268 1349 in
317 1297 548 1349 alterum
594 1296 772 1365 possit
818 1296 1047 1347 intrare:
1098 1314 1229 1364 quas
1270 1295 1548 1347 iuncturas
1589 1294 1716 1346 uiua
1756 1293 1898 1346 calce
1925 1313 1966 1345 15

137 1372 169 1424 3
212 1371 328 1424 0160
357 1371 583 1423 subacta
608 1370 862 1422 debemus
887 1370 1126 1422 inlinere.
1179 1370 1268 1421 sed
1296 1372 1586 1438 antequam
1612 1368 1697 1420 his
1724 1386 1894 1437 aquae

212 1464 398 1498 cursus
433 1444 755 1513 admittitur,
787 1444 977 1496 fauilla
1007 1463 1103 1512 per
1136 1462 1227 1496 eos
1262 1444 1433 1495 mixta
1466 1444 1659 1512 exiguo
1685 1442 1896 1510 liquore

212 1521 476 1587 decurrat,
513 1522 575 1570 ut
616 1518 886 1588 glutinare
926 1518 1116 1587 possit,
1158 1517 1203 1570 si
1245 1536 1349 1586 qua
1391 1521 1517 1569 sunt
1556 1517 1693 1568 uitia
1733 1517 1894 1568 tubu-

208 1594 401 1646 lorum.
454 1593 650 1645 ultima
682 1593 820 1645 ratio
855 1597 938 1645 est
969 1592 1235 1661 plumbeis
1268 1591 1466 1643 fistulis
1501 1591 1713 1643 ducere:
1756 1608 1891 1658 quae

212 1687 378 1736 aquas
425 1666 614 1719 noxias
662 1668 904 1719 reddunt.
981 1685 1106 1718 nam
1155 1684 1369 1718 cerussa
1416 1664 1639 1734 plumbo
1682 1667 1894 1717 creatur
1919 1686 1962 1716 20

212 1743 434 1810 adtritO,
484 1759 618 1810 quae
659 1742 975 1809 corporibus
1014 1740 1231 1793 nocebit
1271 1740 1537 1792 humanis,
1615 1739 1895 1809 diligentis

213 1817 316 1869 erit
371 1834 631 1885 aquarum
685 1816 1024 1884 receptacula
1078 1814 1362 1884 fabricari,
1422 1817 1484 1866 ut
1548 1813 1759 1882 copiam
1801 1813 1901 1865 ’1161

216 1891 371 1960 inops
413 1909 551 1942 uena
591 1894 860 1959 procuret.

336 2057 356 2093 1
393 2051 579 2094 fletibus
616 2051 718 2093 PV
751 2054 765 2106 ΙΙ
804 2056 828 2093 2
861 2050 1011 2107 possit
1044 2063 1166 2105 aqua
1198 2050 1248 2092 E
1283 2052 1298 2105 l}
1337 2054 1364 2092 4
1402 2061 1656 2105 sexagenos
1689 2047 1766 2091 uel
1799 2060 1902 2090 0611-

216 2113 347 2155 tenos
382 2125 478 2167 acy
526 2112 539 2165 ΙΙ
587 2115 610 2152 5
646 2110 694 2152 in
728 2110 991 2165 sesquidem
1029 2110 1207 2167 Gacqs
1254 2112 1268 2165 Η
1315 2113 1339 2151 6
1381 2108 1483 2163 quis
1516 2109 1696 2164 Eiacy
1742 2109 1756 2163 Η
1803 2120 1903 2149 3110-

217 2169 412 2213 currerit
444 2169 650 2213 PLGT
668 2172 682 2225 Η
709 2175 732 2212 7
768 2170 828 2212 ad
859 2184 941 2213 om.
972 2170 1013 2213 G
1037 2172 1050 2224 ΙΙ
1077 2174 1101 2212 8
1134 2168 1184 2210 in
1219 2167 1462 2224 speluncas
1492 2167 1533 2211 G
1561 2170 1565 2222 Ι
1594 2179 1676 2223 per
1707 2179 1903 2222 quarum

217 2231 499 2272 structuram
532 2242 660 2286 acys
684 2231 697 2285 Η
738 2234 761 2272 9
797 2228 1047 2272 conueniat
1078 2229 1096 2272 z·
1124 2232 1128 2285 1
1167 2240 1213 2270 36
1246 2241 1329 2271 om.
1367 2226 1408 2270 G
1436 2230 1440 2282 Ι
1469 2225 1666 2269 intersit.
1724 2227 1902 2268 erectos

217 2288 337 2345 pilos
372 2289 415 2331 V
455 2290 468 2344 ΙΙ
519 2292 573 2331 10
608 2302 932 2331 conseruemus
966 2288 1016 2331 E
1051 2290 1065 2344 Η
1106 2292 1158 2330 11
1193 2289 1239 2330 et
1272 2287 1398 2330 omi
1435 2289 1448 2342 ΙΙ
1490 2290 1544 2328 13
1586 2284 1624 2327 31
1657 2284 1747 2328 fict.
1783 2283 1860 2327 Ε2
1894 2284 1900 2341 l

219 2347 496 2391 conducitur
528 2348 614 2403 Ep
639 2350 653 2403 ΙΙ
681 2353 734 2391 14
770 2347 895 2390 acuti
921 2362 957 2403 1)
996 2352 1009 2402 ΙΙ
1052 2352 1105 2390 16
1148 2346 1343 2389 subacto
1375 2346 1445 2401 Vl
1475 2343 1648 2387 illinire
1681 2343 1905 2388 ,5¹TEG-

217 2409 373 2465 iacys
401 2411 405 2463 Ι
435 2406 483 2450 in
515 2406 572 2450 iis
606 2422 753 2464 acys,
788 2406 827 2449 is
860 2409 877 2450 i
916 2409 930 2463 Η
971 2412 1024 2450 17
1060 2405 1340 2449 admittatur
1371 2404 1636 2461 EGiacys
1670 2405 1675 2461 1
1713 2417 1796 2460 per
1827 2416 1904 2446 eos

219 2481 301 2511 om.
339 2481 370 2522 p
428 2470 432 2522 Ι
493 2468 539 2510 et
587 2466 754 2523 exiguo
795 2466 834 2509 V
886 2468 900 2522 Η
957 2470 1010 2509 18
1059 2463 1283 2523 glutinari
1329 2463 1370 2508 G
1428 2465 1433 2519 Ι
1491 2463 1758 2506 tabulorum
1795 2462 1903 2517 PL,

219 2526 491 2569 tabularum
542 2525 605 2579 G,
661 2526 879 2570 tuborum
927 2527 1081 2582 iacys
1127 2527 1141 2581 Η
1190 2528 1243 2566 19
1289 2523 1533 2580 plumbeas
1580 2522 1760 2566 fistulas
1806 2521 1856 2564 E
1891 2521 1905 2579 Η

220 2590 276 2628 20
327 2599 508 2629 0610333
557 2586 730 2641 PLF,
781 2599 967 2629 caerosa
1017 2586 1073 2640 V,
1130 2596 1291 2627 cerusa
1337 2583 1546 2640 Eiacys
1590 2585 1605 2639 ΙΙ
1661 2587 1713 2624 21
1769 2582 1907 2624 nocet

218 2660 344 2701 aeys
