<?xml version="1.0" encoding="UTF-8"?>
<!DOCTYPE html PUBLIC "-//W3C//DTD XHTML 1.0 Transitional//EN"
    "http://www.w3.org/TR/xhtml1/DTD/xhtml1-transitional.dtd">
<html xmlns="http://www.w3.org/1999/xhtml" xml:lang="en" lang="en">
 <head>
  <title>
</title>
<meta http-equiv="Content-Type" content="text/html;charset=utf-8" />
  <meta name='ocr-system' content='tesseract 3.04.00' />
  <meta name='ocr-capabilities' content='ocr_page ocr_carea ocr_par ocr_line ocrx_word'/>
</head>
<body>
  <div class='ocr_page' id='page_1' title='image "./palladiirvtiliit00palluoft_0183.png"; bbox 0 0 2072 3145; ppageno 0'>
   <div class='ocr_carea' id='block_1_1' title="bbox 790 130 1829 185">
    <p class='ocr_par' dir='ltr' id='par_1_1' title="bbox 790 130 1829 185">
     <span class='ocr_line' id='line_1_1' title="bbox 790 130 1829 185; baseline 0 -11"><span class='ocrx_word' id='word_1_1' title='bbox 790 130 982 174; x_wconf 85' lang='lat' dir='ltr'>AGRIC.</span> <span class='ocrx_word' id='word_1_2' title='bbox 1008 131 1071 173; x_wconf 70' lang='lat' dir='ltr'>Vi</span> <span class='ocrx_word' id='word_1_3' title='bbox 1096 135 1208 174; x_wconf 83' lang='lat'>3—7</span> <span class='ocrx_word' id='word_1_4' title='bbox 1726 134 1829 185; x_wconf 81' lang='grc'>163</span> 
     </span>
    </p>
   </div>
   <div class='ocr_carea' id='block_1_2' title="bbox 780 294 1200 348">
    <p class='ocr_par' dir='ltr' id='par_1_2' title="bbox 780 294 1200 348">
     <span class='ocr_line' id='line_1_2' title="bbox 780 294 1200 348; baseline -0.002 0"><span class='ocrx_word' id='word_1_5' title='bbox 780 296 878 348; x_wconf 87' lang='lat' dir='ltr'>DE</span> <span class='ocrx_word' id='word_1_6' title='bbox 920 294 1200 348; x_wconf 81' lang='lat' dir='ltr'>HORTIS.</span> 
     </span>
    </p>
   </div>
   <div class='ocr_carea' id='block_1_3' title="bbox 104 399 1917 839">
    <p class='ocr_par' dir='ltr' id='par_1_3' title="bbox 147 399 1917 616">
     <span class='ocr_line' id='line_1_3' title="bbox 260 399 1917 469; baseline 0.002 -18"><span class='ocrx_word' id='word_1_7' title='bbox 260 399 559 453; x_wconf 92' lang='lat' dir='ltr'>Hortorum</span> <span class='ocrx_word' id='word_1_8' title='bbox 607 400 803 469; x_wconf 89' lang='lat' dir='ltr'>spatia,</span> <span class='ocrx_word' id='word_1_9' title='bbox 853 418 987 467; x_wconf 89' lang='lat' dir='ltr'>quae</span> <span class='ocrx_word' id='word_1_10' title='bbox 1033 418 1130 468; x_wconf 92' lang='lat' dir='ltr'>per</span> <span class='ocrx_word' id='word_1_11' title='bbox 1170 403 1488 452; x_wconf 89' lang='lat' dir='ltr'>autumnum</span> <span class='ocrx_word' id='word_1_12' title='bbox 1530 401 1825 453; x_wconf 87' lang='lat' dir='ltr'>seminibus</span> <span class='ocrx_word' id='word_1_13' title='bbox 1867 401 1917 455; x_wconf 91' lang='lat' dir='ltr'><strong>V</strong></span> 
     </span>
     <span class='ocr_line' id='line_1_4' title="bbox 147 473 1829 543; baseline 0.001 -18"><span class='ocrx_word' id='word_1_14' title='bbox 147 474 401 542; x_wconf 90' lang='lat' dir='ltr'>inplenda</span> <span class='ocrx_word' id='word_1_15' title='bbox 432 474 773 526; x_wconf 72' lang='lat' dir='ltr'><strong>destinantur</strong></span> <span class='ocrx_word' id='word_1_16' title='bbox 806 477 899 525; x_wconf 89' lang='lat' dir='ltr'>aut</span> <span class='ocrx_word' id='word_1_17' title='bbox 929 473 1149 542; x_wconf 84' lang='lat' dir='ltr'>plantiS,</span> <span class='ocrx_word' id='word_1_18' title='bbox 1180 493 1322 527; x_wconf 92' lang='lat' dir='ltr'>nunc</span> <span class='ocrx_word' id='word_1_19' title='bbox 1357 475 1640 527; x_wconf 88' lang='lat' dir='ltr'>conueniet</span> <span class='ocrx_word' id='word_1_20' title='bbox 1664 475 1829 543; x_wconf 90' lang='lat' dir='ltr'>pasti-</span> 
     </span>
     <span class='ocr_line' id='line_1_5' title="bbox 147 548 1828 616; baseline 0 -16"><span class='ocrx_word' id='word_1_21' title='bbox 147 566 291 600; x_wconf 84' lang='lat' dir='ltr'><strong>nare.</strong></span> <span class='ocrx_word' id='word_1_22' title='bbox 358 548 463 600; x_wconf 89' lang='lat' dir='ltr'>hoc</span> <span class='ocrx_word' id='word_1_23' title='bbox 503 566 685 601; x_wconf 88' lang='lat' dir='ltr'>mense</span> <span class='ocrx_word' id='word_1_24' title='bbox 727 548 909 616; x_wconf 92' lang='lat' dir='ltr'>apium</span> <span class='ocrx_word' id='word_1_25' title='bbox 949 548 1082 599; x_wconf 88' lang='lat' dir='ltr'>bene</span> <span class='ocrx_word' id='word_1_26' title='bbox 1125 548 1337 616; x_wconf 91' lang='lat' dir='ltr'>seritur,</span> <span class='ocrx_word' id='word_1_27' title='bbox 1378 549 1518 601; x_wconf 90' lang='lat' dir='ltr'>sicut</span> <span class='ocrx_word' id='word_1_28' title='bbox 1556 552 1679 600; x_wconf 90' lang='lat' dir='ltr'>ante</span> <span class='ocrx_word' id='word_1_29' title='bbox 1719 549 1828 601; x_wconf 88' lang='lat' dir='ltr'>iam</span> 
     </span>
    </p>

    <p class='ocr_par' dir='ltr' id='par_1_4' title="bbox 104 622 1828 839">
     <span class='ocr_line' id='line_1_6' title="bbox 104 622 1828 691; baseline 0.001 -17"><span class='ocrx_word' id='word_1_30' title='bbox 104 643 123 674; x_wconf 85' lang='lat'>5</span> <span class='ocrx_word' id='word_1_31' title='bbox 149 622 353 675; x_wconf 89' lang='lat' dir='ltr'>dictum</span> <span class='ocrx_word' id='word_1_32' title='bbox 393 627 491 689; x_wconf 90' lang='lat' dir='ltr'>est,</span> <span class='ocrx_word' id='word_1_33' title='bbox 531 622 618 674; x_wconf 93' lang='lat' dir='ltr'>uel</span> <span class='ocrx_word' id='word_1_34' title='bbox 660 622 1001 675; x_wconf 84' lang='lat' dir='ltr'>coriandrum</span> <span class='ocrx_word' id='word_1_35' title='bbox 1041 625 1095 673; x_wconf 88' lang='lat' dir='ltr'>et</span> <span class='ocrx_word' id='word_1_36' title='bbox 1134 622 1371 674; x_wconf 88' lang='lat' dir='ltr'>melones</span> <span class='ocrx_word' id='word_1_37' title='bbox 1414 626 1467 674; x_wconf 91' lang='lat' dir='ltr'>et</span> <span class='ocrx_word' id='word_1_38' title='bbox 1501 623 1828 691; x_wconf 71' lang='lat' dir='ltr'>cucurbitae,</span> 
     </span>
     <span class='ocr_line' id='line_1_7' title="bbox 147 696 1826 766; baseline 0.001 -18"><span class='ocrx_word' id='word_1_39' title='bbox 147 696 377 748; x_wconf 87' lang='lat' dir='ltr'>carduus</span> <span class='ocrx_word' id='word_1_40' title='bbox 432 699 485 748; x_wconf 86' lang='lat' dir='ltr'>et</span> <span class='ocrx_word' id='word_1_41' title='bbox 535 696 741 749; x_wconf 79' lang='lat' dir='ltr'>radices</span> <span class='ocrx_word' id='word_1_42' title='bbox 790 699 843 747; x_wconf 88' lang='lat' dir='ltr'>et</span> <span class='ocrx_word' id='word_1_43' title='bbox 889 698 1012 747; x_wconf 87' lang='lat' dir='ltr'>ruta</span> <span class='ocrx_word' id='word_1_44' title='bbox 1058 700 1341 765; x_wconf 87' lang='lat' dir='ltr'>pangetur.</span> <span class='ocrx_word' id='word_1_45' title='bbox 1418 697 1567 764; x_wconf 91' lang='lat' dir='ltr'>porri</span> <span class='ocrx_word' id='word_1_46' title='bbox 1614 715 1826 766; x_wconf 89' lang='lat' dir='ltr'>quoque</span> 
     </span>
     <span class='ocr_line' id='line_1_8' title="bbox 144 769 1545 839; baseline 0.001 -18"><span class='ocrx_word' id='word_1_47' title='bbox 144 770 334 838; x_wconf 92' lang='lat' dir='ltr'>planta</span> <span class='ocrx_word' id='word_1_48' title='bbox 372 769 721 839; x_wconf 69' lang='lat' dir='ltr'>transfertur,</span> <span class='ocrx_word' id='word_1_49' title='bbox 759 773 820 821; x_wconf 89' lang='lat' dir='ltr'>ut</span> <span class='ocrx_word' id='word_1_50' title='bbox 860 769 1221 839; x_wconf 82' lang='lat' dir='ltr'>rigationibus</span> <span class='ocrx_word' id='word_1_51' title='bbox 1262 771 1545 822; x_wconf 88' lang='lat' dir='ltr'>animetur.</span> 
     </span>
    </p>
   </div>
   <div class='ocr_carea' id='block_1_4' title="bbox 802 961 1174 1014">
    <p class='ocr_par' dir='ltr' id='par_1_5' title="bbox 802 961 1174 1014">
     <span class='ocr_line' id='line_1_9' title="bbox 802 961 1174 1014; baseline 0.003 -1"><span class='ocrx_word' id='word_1_52' title='bbox 802 962 899 1013; x_wconf 89' lang='lat' dir='ltr'>DE</span> <span class='ocrx_word' id='word_1_53' title='bbox 940 961 1174 1014; x_wconf 85' lang='lat' dir='ltr'>POMIS.</span> 
     </span>
    </p>
   </div>
   <div class='ocr_carea' id='block_1_5' title="bbox 78 1065 1915 1727">
    <p class='ocr_par' dir='ltr' id='par_1_6' title="bbox 78 1065 1915 1727">
     <span class='ocr_line' id='line_1_10' title="bbox 254 1065 1915 1135; baseline 0.001 -17"><span class='ocrx_word' id='word_1_54' title='bbox 254 1065 412 1119; x_wconf 88' lang='lat' dir='ltr'>Locis</span> <span class='ocrx_word' id='word_1_55' title='bbox 462 1066 646 1119; x_wconf 87' lang='lat' dir='ltr'>calidis</span> <span class='ocrx_word' id='word_1_56' title='bbox 693 1085 834 1119; x_wconf 91' lang='lat' dir='ltr'>nunc</span> <span class='ocrx_word' id='word_1_57' title='bbox 884 1067 1026 1118; x_wconf 87' lang='lat' dir='ltr'>mala</span> <span class='ocrx_word' id='word_1_58' title='bbox 1071 1067 1266 1134; x_wconf 85' lang='lat' dir='ltr'>punica</span> <span class='ocrx_word' id='word_1_59' title='bbox 1310 1067 1500 1119; x_wconf 87' lang='lat' dir='ltr'>florere</span> <span class='ocrx_word' id='word_1_60' title='bbox 1539 1066 1915 1135; x_wconf 89' lang='lat' dir='ltr'>incipiunt.VI</span> 
     </span>
     <span class='ocr_line' id='line_1_11' title="bbox 78 1139 1825 1210; baseline 0.001 -19"><span class='ocrx_word' id='word_1_61' title='bbox 78 1161 119 1191; x_wconf 76' lang='grc' dir='ltr'>ιο</span> <span class='ocrx_word' id='word_1_62' title='bbox 144 1159 326 1192; x_wconf 89' lang='lat' dir='ltr'>ramus</span> <span class='ocrx_word' id='word_1_63' title='bbox 367 1158 496 1210; x_wconf 89' lang='lat' dir='ltr'>ergo</span> <span class='ocrx_word' id='word_1_64' title='bbox 539 1160 660 1193; x_wconf 92' lang='lat' dir='ltr'>cum</span> <span class='ocrx_word' id='word_1_65' title='bbox 700 1141 847 1208; x_wconf 88' lang='lat' dir='ltr'>flore,</span> <span class='ocrx_word' id='word_1_66' title='bbox 889 1141 1030 1193; x_wconf 89' lang='lat' dir='ltr'>sicut</span> <span class='ocrx_word' id='word_1_67' title='bbox 1062 1141 1329 1192; x_wconf 85' lang='lat' dir='ltr'>Martialis</span> <span class='ocrx_word' id='word_1_68' title='bbox 1365 1139 1508 1208; x_wconf 88' lang='lat' dir='ltr'>dicit,</span> <span class='ocrx_word' id='word_1_69' title='bbox 1550 1141 1595 1193; x_wconf 90' lang='lat' dir='ltr'>si</span> <span class='ocrx_word' id='word_1_70' title='bbox 1629 1141 1825 1193; x_wconf 91' lang='lat' dir='ltr'>obruto</span> 
     </span>
     <span class='ocr_line' id='line_1_12' title="bbox 143 1214 1825 1283; baseline 0 -17"><span class='ocrx_word' id='word_1_71' title='bbox 143 1214 286 1266; x_wconf 87' lang='lat' dir='ltr'>circa</span> <span class='ocrx_word' id='word_1_72' title='bbox 333 1215 579 1266; x_wconf 87' lang='lat' dir='ltr'>arborem</span> <span class='ocrx_word' id='word_1_73' title='bbox 626 1215 780 1267; x_wconf 89' lang='lat' dir='ltr'>fictili</span> <span class='ocrx_word' id='word_1_74' title='bbox 828 1233 957 1266; x_wconf 85' lang='lat' dir='ltr'>uase</span> <span class='ocrx_word' id='word_1_75' title='bbox 1015 1215 1296 1267; x_wconf 88' lang='lat' dir='ltr'>claudatur</span> <span class='ocrx_word' id='word_1_76' title='bbox 1349 1219 1423 1283; x_wconf 92' lang='lat' dir='ltr'>et,</span> <span class='ocrx_word' id='word_1_77' title='bbox 1479 1233 1546 1266; x_wconf 93' lang='lat' dir='ltr'>ne</span> <span class='ocrx_word' id='word_1_78' title='bbox 1601 1215 1825 1283; x_wconf 80' lang='lat' dir='ltr'>resiliat,</span> 
     </span>
     <span class='ocr_line' id='line_1_13' title="bbox 141 1287 1825 1358; baseline 0.001 -19"><span class='ocrx_word' id='word_1_79' title='bbox 141 1287 341 1357; x_wconf 89' lang='lat' dir='ltr'>ligetur</span> <span class='ocrx_word' id='word_1_80' title='bbox 396 1288 463 1340; x_wconf 92' lang='lat' dir='ltr'>ad</span> <span class='ocrx_word' id='word_1_81' title='bbox 516 1289 720 1356; x_wconf 91' lang='lat' dir='ltr'>palum,</span> <span class='ocrx_word' id='word_1_82' title='bbox 773 1307 872 1357; x_wconf 89' lang='lat' dir='ltr'>pro</span> <span class='ocrx_word' id='word_1_83' title='bbox 927 1289 1135 1340; x_wconf 85' lang='lat' dir='ltr'>uasculi</span> <span class='ocrx_word' id='word_1_84' title='bbox 1183 1289 1555 1358; x_wconf 81' lang='lat' dir='ltr'>magnitudine</span> <span class='ocrx_word' id='word_1_85' title='bbox 1601 1307 1825 1357; x_wconf 92' lang='lat' dir='ltr'>pomum</span> 
     </span>
     <span class='ocr_line' id='line_1_14' title="bbox 141 1362 1824 1430; baseline 0.001 -17"><span class='ocrx_word' id='word_1_86' title='bbox 141 1363 326 1413; x_wconf 87' lang='lat' dir='ltr'>reddet</span> <span class='ocrx_word' id='word_1_87' title='bbox 366 1366 637 1414; x_wconf 90' lang='lat' dir='ltr'>autumno.</span> <span class='ocrx_word' id='word_1_88' title='bbox 699 1362 803 1415; x_wconf 89' lang='lat' dir='ltr'>hoc</span> <span class='ocrx_word' id='word_1_89' title='bbox 844 1363 1007 1414; x_wconf 91' lang='lat' dir='ltr'>etiam</span> <span class='ocrx_word' id='word_1_90' title='bbox 1048 1381 1229 1414; x_wconf 92' lang='lat' dir='ltr'>mense</span> <span class='ocrx_word' id='word_1_91' title='bbox 1266 1363 1399 1415; x_wconf 90' lang='lat' dir='ltr'>locis</span> <span class='ocrx_word' id='word_1_92' title='bbox 1435 1363 1621 1415; x_wconf 86' lang='lat' dir='ltr'>calidis</span> <span class='ocrx_word' id='word_1_93' title='bbox 1654 1363 1824 1430; x_wconf 88' lang='lat' dir='ltr'>inpla-</span> 
     </span>
     <span class='ocr_line' id='line_1_15' title="bbox 142 1435 1825 1506; baseline 0 -19"><span class='ocrx_word' id='word_1_94' title='bbox 142 1436 303 1487; x_wconf 87' lang='lat' dir='ltr'>strari</span> <span class='ocrx_word' id='word_1_95' title='bbox 341 1437 582 1504; x_wconf 89' lang='lat' dir='ltr'>persicus</span> <span class='ocrx_word' id='word_1_96' title='bbox 622 1439 816 1504; x_wconf 88' lang='lat' dir='ltr'>potest.</span> <span class='ocrx_word' id='word_1_97' title='bbox 887 1437 1020 1489; x_wconf 91' lang='lat' dir='ltr'>locis</span> <span class='ocrx_word' id='word_1_98' title='bbox 1061 1435 1274 1506; x_wconf 83' lang='lat' dir='ltr'>frigidis</span> <span class='ocrx_word' id='word_1_99' title='bbox 1314 1455 1456 1489; x_wconf 89' lang='lat' dir='ltr'>nunc</span> <span class='ocrx_word' id='word_1_100' title='bbox 1499 1437 1623 1489; x_wconf 90' lang='lat' dir='ltr'>citri</span> <span class='ocrx_word' id='word_1_101' title='bbox 1663 1437 1825 1488; x_wconf 91' lang='lat' dir='ltr'>arbor</span> 
     </span>
     <span class='ocr_line' id='line_1_16' title="bbox 78 1510 1825 1579; baseline 0.001 -18"><span class='ocrx_word' id='word_1_102' title='bbox 78 1530 116 1561; x_wconf 85' lang='lat'>15</span> <span class='ocrx_word' id='word_1_103' title='bbox 141 1510 419 1578; x_wconf 88' lang='lat' dir='ltr'>inseritur,</span> <span class='ocrx_word' id='word_1_104' title='bbox 464 1513 525 1562; x_wconf 93' lang='lat' dir='ltr'>ut</span> <span class='ocrx_word' id='word_1_105' title='bbox 573 1529 657 1577; x_wconf 89' lang='lat' dir='ltr'>ea,</span> <span class='ocrx_word' id='word_1_106' title='bbox 706 1529 841 1578; x_wconf 89' lang='lat' dir='ltr'>quae</span> <span class='ocrx_word' id='word_1_107' title='bbox 891 1511 1035 1563; x_wconf 87' lang='lat' dir='ltr'>dicta</span> <span class='ocrx_word' id='word_1_108' title='bbox 1082 1513 1187 1578; x_wconf 90' lang='lat' dir='ltr'>est,</span> <span class='ocrx_word' id='word_1_109' title='bbox 1234 1510 1519 1579; x_wconf 87' lang='lat' dir='ltr'>disciplina</span> <span class='ocrx_word' id='word_1_110' title='bbox 1565 1513 1825 1562; x_wconf 88' lang='lat' dir='ltr'>seruetur.</span> 
     </span>
     <span class='ocr_line' id='line_1_17' title="bbox 139 1583 1823 1654; baseline 0 -19"><span class='ocrx_word' id='word_1_111' title='bbox 139 1602 280 1636; x_wconf 89' lang='lat' dir='ltr'>nunc</span> <span class='ocrx_word' id='word_1_112' title='bbox 326 1583 540 1654; x_wconf 85' lang='lat' dir='ltr'>frigidis</span> <span class='ocrx_word' id='word_1_113' title='bbox 586 1585 720 1637; x_wconf 89' lang='lat' dir='ltr'>locis</span> <span class='ocrx_word' id='word_1_114' title='bbox 768 1584 1001 1653; x_wconf 87' lang='lat' dir='ltr'>zizyfum</span> <span class='ocrx_word' id='word_1_115' title='bbox 1051 1585 1383 1637; x_wconf 87' lang='lat' dir='ltr'>conserimus</span> <span class='ocrx_word' id='word_1_116' title='bbox 1433 1588 1487 1637; x_wconf 89' lang='lat' dir='ltr'>et</span> <span class='ocrx_word' id='word_1_117' title='bbox 1532 1585 1695 1637; x_wconf 88' lang='lat' dir='ltr'>ficum</span> <span class='ocrx_word' id='word_1_118' title='bbox 1734 1585 1823 1636; x_wconf 91' lang='lat' dir='ltr'>uel</span> 
     </span>
     <span class='ocr_line' id='line_1_18' title="bbox 139 1657 1822 1727; baseline 0.001 -18"><span class='ocrx_word' id='word_1_119' title='bbox 139 1657 443 1710; x_wconf 89' lang='lat' dir='ltr'>inserimus.</span> <span class='ocrx_word' id='word_1_120' title='bbox 497 1658 602 1710; x_wconf 89' lang='lat' dir='ltr'>hoc</span> <span class='ocrx_word' id='word_1_121' title='bbox 635 1658 800 1710; x_wconf 89' lang='lat' dir='ltr'>etiam</span> <span class='ocrx_word' id='word_1_122' title='bbox 834 1677 1017 1711; x_wconf 91' lang='lat' dir='ltr'>mense</span> <span class='ocrx_word' id='word_1_123' title='bbox 1049 1659 1261 1727; x_wconf 90' lang='lat' dir='ltr'>palmae</span> <span class='ocrx_word' id='word_1_124' title='bbox 1286 1659 1477 1727; x_wconf 88' lang='lat' dir='ltr'>planta</span> <span class='ocrx_word' id='word_1_125' title='bbox 1502 1658 1822 1727; x_wconf 89' lang='lat' dir='ltr'>disponitur.</span> 
     </span>
    </p>
   </div>
   <div class='ocr_carea' id='block_1_6' title="bbox 711 1848 1250 1902">
    <p class='ocr_par' dir='ltr' id='par_1_7' title="bbox 711 1848 1250 1902">
     <span class='ocr_line' id='line_1_19' title="bbox 711 1848 1250 1902; baseline 0 -1"><span class='ocrx_word' id='word_1_126' title='bbox 711 1849 811 1901; x_wconf 88' lang='lat' dir='ltr'>DE</span> <span class='ocrx_word' id='word_1_127' title='bbox 853 1848 1250 1902; x_wconf 82' lang='lat' dir='ltr'><strong>ARMENTIS.</strong></span> 
     </span>
    </p>
   </div>
   <div class='ocr_carea' id='block_1_7' title="bbox 71 1949 1907 2169">
    <p class='ocr_par' dir='ltr' id='par_1_8' title="bbox 71 1949 1907 2169">
     <span class='ocr_line' id='line_1_20' title="bbox 248 1949 1907 2023; baseline 0.001 -19"><span class='ocrx_word' id='word_1_128' title='bbox 248 1951 405 2005; x_wconf 90' lang='lat' dir='ltr'>Nunc</span> <span class='ocrx_word' id='word_1_129' title='bbox 454 1953 726 2005; x_wconf 90' lang='lat' dir='ltr'>castrandi</span> <span class='ocrx_word' id='word_1_130' title='bbox 774 1957 899 2005; x_wconf 88' lang='lat' dir='ltr'>sunt</span> <span class='ocrx_word' id='word_1_131' title='bbox 940 1949 1122 2021; x_wconf 88' lang='lat' dir='ltr'>uituli,</span> <span class='ocrx_word' id='word_1_132' title='bbox 1170 1952 1310 2005; x_wconf 92' lang='lat' dir='ltr'>sicut</span> <span class='ocrx_word' id='word_1_133' title='bbox 1350 1953 1513 2023; x_wconf 88' lang='lat' dir='ltr'>Mago</span> <span class='ocrx_word' id='word_1_134' title='bbox 1558 1953 1705 2021; x_wconf 88' lang='lat' dir='ltr'>dicit,</span> <span class='ocrx_word' id='word_1_135' title='bbox 1797 1953 1907 2005; x_wconf 85' lang='lat' dir='ltr'>VII</span> 
     </span>
     <span class='ocr_line' id='line_1_21' title="bbox 71 2026 1823 2096; baseline 0.001 -18"><span class='ocrx_word' id='word_1_136' title='bbox 71 2048 114 2078; x_wconf 81' lang='lat'>20</span> <span class='ocrx_word' id='word_1_137' title='bbox 138 2029 324 2079; x_wconf 91' lang='lat' dir='ltr'>tenera</span> <span class='ocrx_word' id='word_1_138' title='bbox 373 2030 574 2096; x_wconf 90' lang='lat' dir='ltr'>aetate,</span> <span class='ocrx_word' id='word_1_139' title='bbox 623 2030 684 2078; x_wconf 93' lang='lat' dir='ltr'>ut</span> <span class='ocrx_word' id='word_1_140' title='bbox 732 2027 860 2078; x_wconf 90' lang='lat' dir='ltr'>fissa</span> <span class='ocrx_word' id='word_1_141' title='bbox 905 2027 1078 2079; x_wconf 92' lang='lat' dir='ltr'>ferula</span> <span class='ocrx_word' id='word_1_142' title='bbox 1124 2026 1365 2080; x_wconf 87' lang='lat' dir='ltr'>testiculi</span> <span class='ocrx_word' id='word_1_143' title='bbox 1415 2027 1823 2096; x_wconf 87' lang='lat' dir='ltr'>conprimantur</span> 
     </span>
     <span class='ocr_line' id='line_1_22' title="bbox 138 2100 1822 2169; baseline 0.002 -18"><span class='ocrx_word' id='word_1_144' title='bbox 138 2103 192 2152; x_wconf 85' lang='lat' dir='ltr'>et</span> <span class='ocrx_word' id='word_1_145' title='bbox 236 2101 505 2169; x_wconf 89' lang='lat' dir='ltr'>paulatim</span> <span class='ocrx_word' id='word_1_146' title='bbox 553 2100 816 2153; x_wconf 90' lang='lat' dir='ltr'>confracti</span> <span class='ocrx_word' id='word_1_147' title='bbox 860 2102 1219 2153; x_wconf 86' lang='lat' dir='ltr'>resoluantur.</span> <span class='ocrx_word' id='word_1_148' title='bbox 1299 2102 1391 2154; x_wconf 90' lang='lat' dir='ltr'>sed</span> <span class='ocrx_word' id='word_1_149' title='bbox 1430 2102 1533 2154; x_wconf 91' lang='lat' dir='ltr'>hoc</span> <span class='ocrx_word' id='word_1_150' title='bbox 1571 2101 1700 2153; x_wconf 92' lang='lat' dir='ltr'>luna</span> <span class='ocrx_word' id='word_1_151' title='bbox 1739 2101 1822 2154; x_wconf 84' lang='lat' dir='ltr'>de-</span> 
     </span>
    </p>
   </div>
   <div class='ocr_carea' id='block_1_8' title="bbox 127 2274 1821 2864">
    <p class='ocr_par' dir='ltr' id='par_1_9' title="bbox 127 2274 1821 2864">
     <span class='ocr_line' id='line_1_23' title="bbox 254 2274 1821 2334; baseline 0.002 -17"><span class='ocrx_word' id='word_1_152' title='bbox 254 2279 279 2317; x_wconf 88' lang='lat'>3</span> <span class='ocrx_word' id='word_1_153' title='bbox 313 2274 551 2319; x_wconf 86' lang='lat' dir='ltr'>destinata</span> <span class='ocrx_word' id='word_1_154' title='bbox 590 2277 698 2318; x_wconf 84' lang='lat' dir='ltr'>sunt</span> <span class='ocrx_word' id='word_1_155' title='bbox 723 2290 759 2331; x_wconf 74' lang='lat' dir='ltr'>p</span> <span class='ocrx_word' id='word_1_156' title='bbox 808 2277 812 2332; x_wconf 97' lang='grc' dir='ltr'>Ι</span> <span class='ocrx_word' id='word_1_157' title='bbox 864 2278 917 2318; x_wconf 89' lang='lat' dir='ltr'>ut</span> <span class='ocrx_word' id='word_1_158' title='bbox 953 2275 1137 2332; x_wconf 82' lang='lat' dir='ltr'>plantes</span> <span class='ocrx_word' id='word_1_159' title='bbox 1174 2276 1216 2320; x_wconf 99' lang='lat' dir='ltr'><strong><em>G</em></strong></span> <span class='ocrx_word' id='word_1_160' title='bbox 1267 2278 1272 2333; x_wconf 94' lang='grc' dir='ltr'>Ι</span> <span class='ocrx_word' id='word_1_161' title='bbox 1320 2289 1414 2319; x_wconf 91' lang='lat' dir='ltr'>non</span> <span class='ocrx_word' id='word_1_162' title='bbox 1446 2290 1535 2332; x_wconf 72' lang='lat' dir='ltr'>pro</span> <span class='ocrx_word' id='word_1_163' title='bbox 1575 2290 1697 2319; x_wconf 88' lang='lat' dir='ltr'>nunc</span> <span class='ocrx_word' id='word_1_164' title='bbox 1730 2277 1773 2320; x_wconf 90' lang='lat' dir='ltr'><em>L</em></span> <span class='ocrx_word' id='word_1_165' title='bbox 1806 2277 1821 2334; x_wconf 93' lang='grc' dir='ltr'>ΙΙ</span> 
     </span>
     <span class='ocr_line' id='line_1_24' title="bbox 134 2334 1819 2393; baseline 0.001 -17"><span class='ocrx_word' id='word_1_166' title='bbox 134 2339 162 2377; x_wconf 85' lang='grc'>4</span> <span class='ocrx_word' id='word_1_167' title='bbox 193 2335 312 2377; x_wconf 89' lang='lat' dir='ltr'>bene</span> <span class='ocrx_word' id='word_1_168' title='bbox 344 2334 512 2377; x_wconf 87' lang='lat' dir='ltr'>seritur</span> <span class='ocrx_word' id='word_1_169' title='bbox 544 2334 701 2390; x_wconf 88' lang='lat' dir='ltr'>apium</span> <span class='ocrx_word' id='word_1_170' title='bbox 731 2336 791 2389; x_wconf 86' lang='lat' dir='ltr'>E,</span> <span class='ocrx_word' id='word_1_171' title='bbox 824 2335 944 2378; x_wconf 87' lang='lat' dir='ltr'>bene</span> <span class='ocrx_word' id='word_1_172' title='bbox 977 2350 1057 2379; x_wconf 81' lang='lat' dir='ltr'>om.</span> <span class='ocrx_word' id='word_1_173' title='bbox 1089 2350 1124 2390; x_wconf 76' lang='lat' dir='ltr'>p</span> <span class='ocrx_word' id='word_1_174' title='bbox 1152 2335 1157 2393; x_wconf 92' lang='grc' dir='ltr'>Ι</span> <span class='ocrx_word' id='word_1_175' title='bbox 1185 2335 1280 2378; x_wconf 92' lang='lat' dir='ltr'>iam</span> <span class='ocrx_word' id='word_1_176' title='bbox 1318 2338 1426 2378; x_wconf 89' lang='lat' dir='ltr'>ante</span> <span class='ocrx_word' id='word_1_177' title='bbox 1459 2336 1614 2392; x_wconf 73' lang='lat' dir='ltr'>iacys</span> <span class='ocrx_word' id='word_1_178' title='bbox 1637 2337 1651 2392; x_wconf 93' lang='grc' dir='ltr'>ΙΙ</span> <span class='ocrx_word' id='word_1_179' title='bbox 1684 2340 1708 2377; x_wconf 84' lang='grc'><em>5</em></span> <span class='ocrx_word' id='word_1_180' title='bbox 1745 2349 1819 2378; x_wconf 92' lang='lat' dir='ltr'>co-</span> 
     </span>
     <span class='ocr_line' id='line_1_25' title="bbox 136 2392 1816 2451; baseline 0.001 -16"><span class='ocrx_word' id='word_1_181' title='bbox 136 2392 373 2440; x_wconf 88' lang='lat' dir='ltr'>liandrum</span> <span class='ocrx_word' id='word_1_182' title='bbox 398 2394 491 2435; x_wconf 85' lang='lat' dir='ltr'>PL</span> <span class='ocrx_word' id='word_1_183' title='bbox 506 2394 644 2450; x_wconf 71' lang='lat' dir='ltr'>QSF</span> <span class='ocrx_word' id='word_1_184' title='bbox 662 2396 676 2450; x_wconf 95' lang='grc' dir='ltr'>ΙΙ</span> <span class='ocrx_word' id='word_1_185' title='bbox 702 2399 725 2437; x_wconf 89' lang='grc'>6</span> <span class='ocrx_word' id='word_1_186' title='bbox 758 2396 1020 2450; x_wconf 79' lang='lat' dir='ltr'>pangentur</span> <span class='ocrx_word' id='word_1_187' title='bbox 1052 2395 1311 2451; x_wconf 73' lang='lat' dir='ltr'>VEz&#39;acys</span> <span class='ocrx_word' id='word_1_188' title='bbox 1335 2397 1349 2450; x_wconf 93' lang='grc' dir='ltr'>ΙΙ</span> <span class='ocrx_word' id='word_1_189' title='bbox 1375 2399 1398 2436; x_wconf 86' lang='grc'><strong>7</strong></span> <span class='ocrx_word' id='word_1_190' title='bbox 1434 2408 1537 2436; x_wconf 88' lang='lat' dir='ltr'>eum</span> <span class='ocrx_word' id='word_1_191' title='bbox 1562 2408 1649 2449; x_wconf 72' lang='lat' dir='ltr'>pro</span> <span class='ocrx_word' id='word_1_192' title='bbox 1682 2396 1735 2436; x_wconf 89' lang='lat' dir='ltr'>ut</span> <span class='ocrx_word' id='word_1_193' title='bbox 1759 2395 1816 2450; x_wconf 87' lang='lat' dir='ltr'>L,</span> 
     </span>
     <span class='ocr_line' id='line_1_26' title="bbox 135 2451 1818 2510; baseline 0 -15"><span class='ocrx_word' id='word_1_194' title='bbox 135 2465 216 2495; x_wconf 87' lang='lat' dir='ltr'>om.</span> <span class='ocrx_word' id='word_1_195' title='bbox 242 2452 293 2494; x_wconf 90' lang='lat' dir='ltr'><strong>E</strong></span> <span class='ocrx_word' id='word_1_196' title='bbox 320 2454 334 2508; x_wconf 95' lang='grc' dir='ltr'>ΙΙ</span> <span class='ocrx_word' id='word_1_197' title='bbox 375 2457 429 2495; x_wconf 91' lang='grc'>10</span> <span class='ocrx_word' id='word_1_198' title='bbox 461 2451 582 2496; x_wconf 87' lang='lat' dir='ltr'>sicut</span> <span class='ocrx_word' id='word_1_199' title='bbox 605 2467 693 2508; x_wconf 75' lang='lat' dir='ltr'>pro</span> <span class='ocrx_word' id='word_1_200' title='bbox 727 2452 766 2495; x_wconf 89' lang='lat' dir='ltr'>si</span> <span class='ocrx_word' id='word_1_201' title='bbox 798 2454 841 2497; x_wconf 89' lang='lat' dir='ltr'><strong><em>L</em></strong></span> <span class='ocrx_word' id='word_1_202' title='bbox 872 2456 886 2509; x_wconf 94' lang='grc' dir='ltr'>ΙΙ</span> <span class='ocrx_word' id='word_1_203' title='bbox 927 2458 978 2496; x_wconf 94' lang='grc'>11</span> <span class='ocrx_word' id='word_1_204' title='bbox 1018 2453 1140 2497; x_wconf 87' lang='lat' dir='ltr'>cirea</span> <span class='ocrx_word' id='word_1_205' title='bbox 1171 2468 1253 2497; x_wconf 82' lang='lat' dir='ltr'>om.</span> <span class='ocrx_word' id='word_1_206' title='bbox 1280 2454 1331 2497; x_wconf 83' lang='lat' dir='ltr'><strong>E</strong></span> <span class='ocrx_word' id='word_1_207' title='bbox 1355 2457 1361 2510; x_wconf 92' lang='grc' dir='ltr'>Ι</span> <span class='ocrx_word' id='word_1_208' title='bbox 1403 2453 1566 2496; x_wconf 88' lang='lat' dir='ltr'>arbore</span> <span class='ocrx_word' id='word_1_209' title='bbox 1598 2453 1648 2496; x_wconf 90' lang='lat' dir='ltr'><strong>E</strong></span> <span class='ocrx_word' id='word_1_210' title='bbox 1673 2454 1678 2509; x_wconf 88' lang='grc' dir='ltr'>Ι</span> <span class='ocrx_word' id='word_1_211' title='bbox 1706 2453 1818 2495; x_wconf 87' lang='lat' dir='ltr'>resi-</span> 
     </span>
     <span class='ocr_line' id='line_1_27' title="bbox 133 2510 1815 2568; baseline 0.001 -15"><span class='ocrx_word' id='word_1_212' title='bbox 133 2510 219 2554; x_wconf 87' lang='lat' dir='ltr'>liet</span> <span class='ocrx_word' id='word_1_213' title='bbox 250 2511 298 2553; x_wconf 87' lang='lat' dir='ltr'><strong><em>F</em></strong></span> <span class='ocrx_word' id='word_1_214' title='bbox 333 2513 347 2568; x_wconf 94' lang='grc' dir='ltr'>ΙΙ</span> <span class='ocrx_word' id='word_1_215' title='bbox 394 2515 448 2554; x_wconf 84' lang='grc'>13</span> <span class='ocrx_word' id='word_1_216' title='bbox 479 2511 636 2555; x_wconf 89' lang='lat' dir='ltr'>reddit</span> <span class='ocrx_word' id='word_1_217' title='bbox 667 2526 815 2555; x_wconf 72' lang='lat' dir='ltr'>omnes</span> <span class='ocrx_word' id='word_1_218' title='bbox 857 2514 862 2568; x_wconf 96' lang='grc' dir='ltr'>Ι</span> <span class='ocrx_word' id='word_1_219' title='bbox 905 2511 1192 2568; x_wconf 86' lang='lat' dir='ltr'>implastrari</span> <span class='ocrx_word' id='word_1_220' title='bbox 1224 2513 1359 2567; x_wconf 77' lang='lat' dir='ltr'>SFi,</span> <span class='ocrx_word' id='word_1_221' title='bbox 1392 2512 1441 2554; x_wconf 89' lang='lat' dir='ltr'>in</span> <span class='ocrx_word' id='word_1_222' title='bbox 1471 2511 1723 2568; x_wconf 87' lang='lat' dir='ltr'>palustrali</span> <span class='ocrx_word' id='word_1_223' title='bbox 1755 2513 1815 2567; x_wconf 86' lang='lat' dir='ltr'>E,</span> 
     </span>
     <span class='ocr_line' id='line_1_28' title="bbox 135 2569 1818 2630; baseline 0.002 -18"><span class='ocrx_word' id='word_1_224' title='bbox 135 2569 428 2626; x_wconf 86' lang='lat' dir='ltr'>emplastrari</span> <span class='ocrx_word' id='word_1_225' title='bbox 459 2585 586 2628; x_wconf 73' lang='lat' dir='ltr'>acys</span> <span class='ocrx_word' id='word_1_226' title='bbox 609 2573 622 2628; x_wconf 92' lang='grc' dir='ltr'>ΙΙ</span> <span class='ocrx_word' id='word_1_227' title='bbox 649 2576 702 2614; x_wconf 85' lang='grc'>14</span> <span class='ocrx_word' id='word_1_228' title='bbox 734 2570 923 2627; x_wconf 88' lang='lat' dir='ltr'>ponitur</span> <span class='ocrx_word' id='word_1_229' title='bbox 946 2586 1034 2627; x_wconf 77' lang='lat' dir='ltr'>pro</span> <span class='ocrx_word' id='word_1_230' title='bbox 1058 2574 1214 2628; x_wconf 90' lang='lat' dir='ltr'>potest</span> <span class='ocrx_word' id='word_1_231' title='bbox 1238 2572 1288 2614; x_wconf 87' lang='grc' dir='ltr'><em>Ε</em></span> <span class='ocrx_word' id='word_1_232' title='bbox 1309 2574 1322 2627; x_wconf 94' lang='grc' dir='ltr'>ΙΙ</span> <span class='ocrx_word' id='word_1_233' title='bbox 1349 2576 1401 2614; x_wconf 89' lang='grc'>15</span> <span class='ocrx_word' id='word_1_234' title='bbox 1437 2573 1484 2614; x_wconf 86' lang='lat' dir='ltr'>et</span> <span class='ocrx_word' id='word_1_235' title='bbox 1517 2584 1571 2613; x_wconf 87' lang='lat' dir='ltr'>ea</span> <span class='ocrx_word' id='word_1_236' title='bbox 1596 2571 1778 2627; x_wconf 72' lang='lat' dir='ltr'>Facys</span> <span class='ocrx_word' id='word_1_237' title='bbox 1801 2572 1818 2630; x_wconf 94' lang='grc' dir='ltr'>ΙΙ</span> 
     </span>
     <span class='ocr_line' id='line_1_29' title="bbox 136 2628 1812 2688; baseline 0.001 -17"><span class='ocrx_word' id='word_1_238' title='bbox 136 2633 189 2672; x_wconf 89' lang='grc'>16</span> <span class='ocrx_word' id='word_1_239' title='bbox 227 2628 426 2686; x_wconf 89' lang='lat' dir='ltr'>frigidus</span> <span class='ocrx_word' id='word_1_240' title='bbox 457 2629 501 2672; x_wconf 91' lang='lat' dir='ltr'><strong><em>L</em></strong></span> <span class='ocrx_word' id='word_1_241' title='bbox 550 2631 556 2687; x_wconf 94' lang='grc' dir='ltr'>Ι</span> <span class='ocrx_word' id='word_1_242' title='bbox 606 2630 819 2686; x_wconf 81' lang='lat' dir='ltr'>zyzyfum</span> <span class='ocrx_word' id='word_1_243' title='bbox 852 2631 901 2684; x_wconf 74' lang='lat' dir='ltr'>V,</span> <span class='ocrx_word' id='word_1_244' title='bbox 942 2630 1174 2687; x_wconf 86' lang='lat' dir='ltr'>ziziphum</span> <span class='ocrx_word' id='word_1_245' title='bbox 1213 2632 1374 2687; x_wconf 67' lang='lat' dir='ltr'>chs,</span> <span class='ocrx_word' id='word_1_246' title='bbox 1417 2629 1606 2672; x_wconf 85' lang='lat' dir='ltr'>zizifum</span> <span class='ocrx_word' id='word_1_247' title='bbox 1645 2630 1770 2673; x_wconf 77' lang='lat' dir='ltr'>GEi</span> <span class='ocrx_word' id='word_1_248' title='bbox 1805 2630 1812 2688; x_wconf 94' lang='grc' dir='ltr'>Ι</span> 
     </span>
     <span class='ocr_line' id='line_1_30' title="bbox 135 2688 1815 2746; baseline 0.001 -16"><span class='ocrx_word' id='word_1_249' title='bbox 135 2701 425 2731; x_wconf 86' lang='lat' dir='ltr'>conseremus</span> <span class='ocrx_word' id='word_1_250' title='bbox 457 2702 605 2733; x_wconf 73' lang='lat' dir='ltr'>omnes</span> <span class='ocrx_word' id='word_1_251' title='bbox 629 2695 812 2745; x_wconf 72' lang='lat' dir='ltr'>praeter</span> <span class='ocrx_word' id='word_1_252' title='bbox 837 2704 892 2745; x_wconf 75' lang='lat' dir='ltr'>p,</span> <span class='ocrx_word' id='word_1_253' title='bbox 933 2692 1012 2746; x_wconf 75' lang='lat' dir='ltr'>qui</span> <span class='ocrx_word' id='word_1_254' title='bbox 1044 2692 1310 2733; x_wconf 87' lang='lat' dir='ltr'>conseretur</span> <span class='ocrx_word' id='word_1_255' title='bbox 1342 2692 1389 2733; x_wconf 89' lang='lat' dir='ltr'>et</span> <span class='ocrx_word' id='word_1_256' title='bbox 1419 2690 1553 2745; x_wconf 87' lang='lat' dir='ltr'>ficus;</span> <span class='ocrx_word' id='word_1_257' title='bbox 1593 2688 1815 2731; x_wconf 84' lang='lat' dir='ltr'>inseritur</span> 
     </span>
     <span class='ocr_line' id='line_1_31' title="bbox 127 2747 1813 2805; baseline 0 -15"><span class='ocrx_word' id='word_1_258' title='bbox 127 2748 311 2802; x_wconf 75' lang='lat' dir='ltr'>praebet</span> <span class='ocrx_word' id='word_1_259' title='bbox 338 2749 343 2803; x_wconf 93' lang='grc' dir='ltr'>Ι</span> <span class='ocrx_word' id='word_1_260' title='bbox 373 2749 421 2790; x_wconf 89' lang='lat' dir='ltr'>et</span> <span class='ocrx_word' id='word_1_261' title='bbox 450 2747 587 2790; x_wconf 90' lang='lat' dir='ltr'>ficum</span> <span class='ocrx_word' id='word_1_262' title='bbox 610 2748 686 2791; x_wconf 90' lang='lat' dir='ltr'>uel</span> <span class='ocrx_word' id='word_1_263' title='bbox 710 2747 955 2791; x_wconf 89' lang='lat' dir='ltr'>inserimus</span> <span class='ocrx_word' id='word_1_264' title='bbox 980 2763 1061 2793; x_wconf 84' lang='lat' dir='ltr'>om.</span> <span class='ocrx_word' id='word_1_265' title='bbox 1085 2750 1127 2793; x_wconf 91' lang='lat' dir='ltr'><strong><em>G</em></strong></span> <span class='ocrx_word' id='word_1_266' title='bbox 1155 2751 1159 2805; x_wconf 95' lang='grc' dir='ltr'>Ι</span> <span class='ocrx_word' id='word_1_267' title='bbox 1189 2748 1264 2791; x_wconf 92' lang='lat' dir='ltr'>uel</span> <span class='ocrx_word' id='word_1_268' title='bbox 1290 2762 1370 2792; x_wconf 82' lang='lat' dir='ltr'>om.</span> <span class='ocrx_word' id='word_1_269' title='bbox 1391 2749 1599 2805; x_wconf 69' lang='lat' dir='ltr'>Fiacqs</span> <span class='ocrx_word' id='word_1_270' title='bbox 1624 2750 1638 2804; x_wconf 91' lang='grc' dir='ltr'>ΙΙ</span> <span class='ocrx_word' id='word_1_271' title='bbox 1664 2753 1716 2791; x_wconf 86' lang='grc'>17</span> <span class='ocrx_word' id='word_1_272' title='bbox 1744 2747 1813 2790; x_wconf 87' lang='lat' dir='ltr'>in-</span> 
     </span>
     <span class='ocr_line' id='line_1_32' title="bbox 135 2805 1812 2864; baseline 0.001 -16"><span class='ocrx_word' id='word_1_273' title='bbox 135 2819 336 2850; x_wconf 88' lang='lat' dir='ltr'>seremus</span> <span class='ocrx_word' id='word_1_274' title='bbox 362 2807 422 2862; x_wconf 87' lang='lat' dir='ltr'>E,</span> <span class='ocrx_word' id='word_1_275' title='bbox 455 2805 675 2850; x_wconf 90' lang='lat' dir='ltr'>inseritur</span> <span class='ocrx_word' id='word_1_276' title='bbox 697 2808 716 2850; x_wconf 66' lang='lat' dir='ltr'>z·</span> <span class='ocrx_word' id='word_1_277' title='bbox 743 2809 748 2863; x_wconf 96' lang='grc' dir='ltr'>Ι</span> <span class='ocrx_word' id='word_1_278' title='bbox 776 2807 940 2863; x_wconf 85' lang='lat' dir='ltr'>planta</span> <span class='ocrx_word' id='word_1_279' title='bbox 963 2808 1148 2864; x_wconf 92' lang='lat' dir='ltr'>palmae</span> <span class='ocrx_word' id='word_1_280' title='bbox 1170 2808 1211 2852; x_wconf 92' lang='lat' dir='ltr'><strong><em>G</em></strong></span> <span class='ocrx_word' id='word_1_281' title='bbox 1234 2810 1248 2864; x_wconf 95' lang='grc' dir='ltr'>ΙΙ</span> <span class='ocrx_word' id='word_1_282' title='bbox 1275 2812 1328 2851; x_wconf 89' lang='grc'>18</span> <span class='ocrx_word' id='word_1_283' title='bbox 1361 2807 1410 2850; x_wconf 87' lang='lat' dir='ltr'>in</span> <span class='ocrx_word' id='word_1_284' title='bbox 1443 2821 1496 2851; x_wconf 91' lang='lat' dir='ltr'>eo</span> <span class='ocrx_word' id='word_1_285' title='bbox 1524 2807 1581 2850; x_wconf 91' lang='lat' dir='ltr'>de</span> <span class='ocrx_word' id='word_1_286' title='bbox 1606 2809 1812 2850; x_wconf 89' lang='lat' dir='ltr'>castran-</span> 
     </span>
    </p>
   </div>
   <div class='ocr_carea' id='block_1_9' title="bbox 135 2863 1811 2980">
    <p class='ocr_par' dir='ltr' id='par_1_10' title="bbox 135 2863 1811 2980">
     <span class='ocr_line' id='line_1_33' title="bbox 135 2863 1811 2966; baseline 0.001 -58"><span class='ocrx_word' id='word_1_287' title='bbox 135 2863 385 2966; x_wconf 61' lang='lat' dir='ltr'>gisibobus</span> <span class='ocrx_word' id='word_1_288' title='bbox 419 2866 598 2910; x_wconf 73' lang='lat' dir='ltr'>addunt</span> <span class='ocrx_word' id='word_1_289' title='bbox 628 2868 697 2919; x_wconf 75' lang='lat' dir='ltr'>ia,</span> <span class='ocrx_word' id='word_1_290' title='bbox 730 2866 844 2910; x_wconf 88' lang='lat' dir='ltr'>item</span> <span class='ocrx_word' id='word_1_291' title='bbox 876 2867 932 2911; x_wconf 90' lang='lat' dir='ltr'>de</span> <span class='ocrx_word' id='word_1_292' title='bbox 965 2870 1099 2911; x_wconf 87' lang='lat' dir='ltr'>castr.</span> <span class='ocrx_word' id='word_1_293' title='bbox 1133 2867 1239 2911; x_wconf 92' lang='lat' dir='ltr'>bob.</span> <span class='ocrx_word' id='word_1_294' title='bbox 1274 2882 1297 2912; x_wconf 87' lang='lat' dir='ltr'>c</span> <span class='ocrx_word' id='word_1_295' title='bbox 1320 2869 1334 2923; x_wconf 92' lang='grc' dir='ltr'>ΙΙ</span> <span class='ocrx_word' id='word_1_296' title='bbox 1358 2872 1413 2911; x_wconf 82' lang='grc'>20</span> <span class='ocrx_word' id='word_1_297' title='bbox 1447 2865 1811 2923; x_wconf 83' lang='lat' dir='ltr'>confringantur.</span> 
     </span>
     <span class='ocr_line' id='line_1_34' title="bbox 168 2937 288 2980; baseline 0 0"><span class='ocrx_word' id='word_1_298' title='bbox 168 2937 191 2967; x_wconf 73' lang='lat' dir='ltr'>e</span> <span class='ocrx_word' id='word_1_299' title='bbox 252 2938 288 2980; x_wconf 78' lang='grc' dir='ltr'><em>Ρ</em></span> 
     </span>
    </p>
   </div>
   <div class='ocr_carea' id='block_1_10' title="bbox 1461 2999 1546 3042">
    <p class='ocr_par' dir='ltr' id='par_1_11' title="bbox 1461 2999 1546 3042">
     <span class='ocr_line' id='line_1_35' title="bbox 1461 2999 1546 3042; baseline 0 0"><span class='ocrx_word' id='word_1_300' title='bbox 1461 2999 1546 3042; x_wconf 84' lang='grc'>11*</span> 
     </span>
    </p>
   </div>
  </div>
 </body>
</html>
