2014 3169
96 1188 128 1239 ΩΨ

168 104 240 154 46
869 98 1151 141 PALLADII

170 224 388 276 futurus
436 225 540 290 est,
585 221 706 273 loco
756 219 824 271 ab
871 237 1057 272 umore
1106 236 1388 287 suspenSO,
1433 236 1499 270 ne
1537 218 1688 287 uligo
1729 236 1851 270 eum

170 297 480 350 fornacibus
514 295 694 347 uicina
718 293 1013 363 refrigeret.
1065 293 1272 345 lumina
1296 292 1345 343 61
1370 291 1614 344 dabimus
1642 311 1673 344 a
1696 296 1849 360 parte

172 372 469 424 meridiana
500 373 554 421 et
588 366 879 421 occidentis
911 367 1140 434 hiberni,
1180 371 1241 417 ut
1273 368 1392 417 tota
1423 366 1507 417 die
1542 366 1671 418 solis
1702 365 1850 418 iuue-

175 450 263 498 tur
304 449 357 496 et
398 444 716 496 inlustretur
750 445 986 510 aspectU.
1048 457 1399 509 suspensuras
1432 457 1559 492 uero
1594 439 1851 492 cellarum

174 521 250 571 sic
288 519 467 570 facieS.
536 534 714 568 aream
752 516 928 583 primo
970 515 1181 583 bipedis
1223 513 1439 566 sternis:
1479 514 1739 566 inclinata
1779 513 1851 565 sit

172 597 354 645 tamen
387 595 623 644 stratura
656 590 721 641 ad
757 590 1044 656 fornacem,
1077 592 1153 655 ut,
1187 589 1232 639 si
1256 588 1425 655 pilam
1449 587 1675 654 miseris,
1706 587 1850 638 intro

173 671 317 719 stare
349 684 459 718 non
490 665 679 734 possit,
713 664 804 715 sed
838 664 902 715 ad
931 663 1205 715 fornacem
1230 664 1483 713 recurrat.
1526 661 1602 713 sic
1626 661 1851 727 eueniet,

172 744 234 793 ut
281 741 497 792 flamma
545 739 717 790 altum
763 738 993 805 petendo
1052 736 1214 789 cellas
1269 735 1435 787 faciat
1488 735 1610 802 plus
1668 735 1852 787 calere.

175 833 338 883 supra
376 814 515 866 hanc
557 816 852 865 straturam
892 811 1031 879 pilae
1071 809 1348 862 laterculis
1391 809 1585 878 argilla
1628 809 1853 860 subacta

172 892 225 942 et
266 888 461 957 capillo
505 889 844 940 constructae
877 886 1011 937 fiant
1044 884 1307 936 distantes
1341 901 1372 934 a
1405 901 1460 934 se
1494 883 1669 950 spatio
1701 882 1850 950 pedis

171 963 330 1015 unius
379 966 433 1014 et
482 961 746 1028 semissiS,
793 960 934 1011 altae
981 958 1206 1026 pedibus
1255 957 1397 1009 binis
1440 957 1616 1008 semis,
1694 974 1853 1023 super

169 1038 268 1089 has
308 1037 444 1104 pilas
485 1035 713 1103 bipedae
755 1034 1158 1085 constituantur
1197 1032 1354 1083 binae
1387 1032 1444 1083 in
1485 1031 1657 1082 altum
1690 1034 1852 1098 atque

170 1112 255 1163 his
313 1109 769 1179 superfundantur
824 1111 1061 1160 testacea
1115 1107 1428 1174 pauimenta
1490 1108 1543 1156 et
1596 1108 1750 1172 tunc,
1807 1104 1853 1155 si

171 1186 325 1254 copia
359 1188 455 1253 est,
489 1201 760 1235 marmora
786 1182 1148 1234 conlocentur.
1206 1179 1501 1231 miliarium
1525 1197 1655 1231 uero
1681 1178 1853 1246 plum-

169 1260 353 1324 beum,
396 1258 479 1311 cui
521 1276 674 1309 aerea
714 1256 898 1325 patina
939 1255 1149 1322 subest,
1192 1255 1334 1305 inter
1375 1253 1636 1305 soliorum
1677 1252 1853 1320 spatia

171 1333 468 1402 forinsecus
512 1335 816 1383 statuamus
857 1330 1074 1381 fornace
1111 1328 1366 1393 subiecta,
1407 1328 1472 1378 ad
1507 1326 1649 1395 quod
1682 1326 1851 1377 milia-

170 1409 311 1460 rium
350 1407 534 1459 fistula
572 1405 853 1475 frigidaria
894 1403 1160 1472 dirigatur
1204 1406 1257 1454 et
1298 1403 1364 1454 ab
1404 1401 1508 1453 hoc
1549 1401 1615 1452 ad
1657 1400 1851 1452 solium

174 1482 366 1534 811111118
431 1480 820 1549 magnitudinis
876 1478 1062 1529 fistula
1115 1477 1392 1545 procedat,
1449 1493 1582 1542 quae
1638 1478 1853 1526 tantum

171 1556 374 1609 calidae
430 1555 591 1606 ducat
646 1554 872 1605 interius
887 1593 900 1619 ,
965 1559 1224 1620 quantum
1287 1549 1472 1602 fistula
1523 1549 1608 1600 illi
1668 1547 1853 1618 frigidi

169 1630 397 1698 liquoris
452 1628 715 1680 intulerit.
794 1626 957 1679 cellae
1008 1630 1188 1677 autem
1238 1625 1315 1676 sic
1362 1624 1739 1691 disponantur,
1793 1625 1853 1673 ut

171 1705 402 1773 quadrae
443 1721 553 1754 non
592 1702 715 1769 sint,
757 1701 848 1753 8611
888 1699 1037 1752 verbi
1075 1699 1251 1768 gratia
1292 1698 1338 1750 si
1372 1696 1677 1766 quindecim
1708 1695 1852 1764 pedi-

170 1780 270 1831 bus
321 1778 517 1847 longae
563 1775 787 1842 fuerint,
844 1775 1024 1826 decem
1080 1774 1223 1824 latae
1274 1771 1408 1824 sint:
1463 1771 1660 1823 fortius
1710 1770 1851 1823 enim

96 1855 132 1906 4
170 1871 341 1921 uapor
386 1852 528 1903 inter
577 1853 809 1919 angusta
855 1847 1165 1901 luctabitur.
1238 1847 1499 1898 soliorum
1538 1844 1715 1896 forma
1752 1862 1850 1913 pro

170 1926 588 1993 uniuscuiusque
628 1925 911 1976 uoluntate
948 1922 1216 1973 fundetur.
1279 1920 1567 1989 piscinales
1602 1918 1764 1970 cellae
1797 1918 1851 1969 in

173 2000 395 2052 aestiuis
451 1999 659 2051 balneis
708 2017 739 2049 a
787 1996 1172 2064 septemtrione
1221 1995 1402 2046 lumen
1451 1992 1740 2061 accipiant,
1794 1991 1850 2043 in

171 2074 495 2127 hiemalibus
531 2091 561 2124 a
593 2071 827 2124 meridie.
882 2070 928 2122 si
959 2069 1078 2122 fieri
1109 2073 1304 2138 potest,
1337 2069 1417 2120 ita
1450 2067 1851 2120 constituantur

170 2150 409 2215 balneae,
447 2150 510 2199 ut
551 2146 724 2199 omnis
766 2163 950 2197 earum
987 2162 1082 2212 per
1121 2144 1312 2196 hortos
1351 2143 1601 2194 decurrat
1634 2139 1851 2192 eluuies.

173 2241 413 2276 camerae
453 2222 510 2273 in
549 2221 755 2272 balneis
799 2218 1041 2288 signinae
1078 2217 1333 2269 fortiores
1367 2219 1514 2268 sunt:
1557 2232 1690 2282 quae
1722 2231 1850 2265 uero

293 2433 314 2469 1
350 2439 407 2469 ne
440 2426 489 2468 id
522 2424 651 2481 uligo
685 2424 799 2467 forn.
835 2439 883 2477 a,
924 2437 981 2466 ne
1021 2422 1150 2479 uligo
1192 2436 1295 2465 cum
1326 2420 1439 2462 forn.
1480 2419 1554 2462 Gc
1591 2421 1604 2474 ΙΙ
1645 2422 1669 2461 5
1702 2416 1855 2474 bispe-

173 2487 243 2529 dis
277 2487 326 2529 E
373 2488 377 2543 Ι
429 2488 608 2528 sternas
644 2483 686 2528 G
724 2486 738 2540 ΙΙ
786 2488 810 2526 6
845 2483 903 2525 611
936 2497 1017 2526 om.
1054 2483 1133 2537 Vl,
1169 2482 1273 2525 add.
1309 2478 1376 2522 V2
1415 2481 1428 2534 ΙΙ
1475 2483 1499 2521 9
1535 2479 1764 2520 staturam
1797 2477 1853 2531 G,

173 2548 354 2589 statura
386 2546 435 2588 E
463 2547 477 2600 ΙΙ
512 2549 561 2586 11
597 2542 719 2586 binis
753 2545 800 2585 et
832 2542 968 2585 semis
1001 2543 1055 2597 ill
1091 2546 1143 2584 12
1178 2539 1372 2597 bipedes
1407 2538 1455 2580 E
1481 2539 1484 2594 l
1514 2537 1632 2580 bene
1666 2536 1745 2593 ΕΙ
1774 2535 1854 2579 ad-

173 2619 261 2660 que
299 2605 335 2661 Q
373 2607 387 2660 ΙΙ
428 2609 480 2646 15
515 2617 620 2646 erea
653 2603 694 2645 V
729 2604 742 2658 ΙΙ
784 2607 835 2645 16
870 2604 1128 2644 statuemus
1162 2616 1191 2643 α
1227 2601 1230 2656 Ι
1269 2599 1327 2641 611
1361 2596 1548 2652 adquod
1579 2596 1623 2639 L
1651 2596 1655 2653 Ι
1691 2594 1853 2638 11111116-

172 2680 273 2707 rum
307 2664 356 2707 F
376 2666 389 2719 ΙΙ
416 2668 467 2705 17
502 2659 1072 2717 fistula—magnitudinis
1106 2675 1187 2703 om.
1218 2659 1267 2702 Ε
1292 2653 1791 2713 {dirigatur—fistula
1816 2654 1859 2696 V

172 2726 224 2766 in
255 2724 457 2780 maryine
497 2724 510 2778 ΙΙ
551 2727 603 2764 18
638 2724 795 2764 tamen
822 2734 908 2776 pro
939 2722 1125 2762 tantum
1160 2718 1208 2761 E
1243 2720 1256 2773 Η
1292 2722 1346 2759 22
1380 2717 1496 2758 fiant
1527 2715 1577 2758 E
1618 2716 1632 2770 ss
1665 2718 1719 2756 24
1750 2712 1854 2755 fun-

174 2784 342 2826 dentur
379 2782 415 2838 Q
446 2783 460 2837 ΙΙ
493 2786 546 2823 27
580 2780 751 2824 balnea
784 2780 833 2822 E
859 2780 863 2837 Ι
893 2792 1048 2822 eorum
1084 2778 1131 2820 E
1157 2779 1161 2834 Ι
1199 2775 1375 2820 elubies
1410 2775 1467 2830 F,
1502 2772 1729 2817 ebulliens
1763 2772 1812 2814 Ε
1839 2771 1855 2830 Η

174 2847 228 2885 28
278 2841 315 2883 si
365 2840 584 2897 Signinae
633 2840 747 2882 fiant
792 2840 869 2893 ia,
919 2837 1012 2895 [si]
1063 2836 1284 2893 Signinae
1333 2835 1502 2892 [fiant]
1549 2847 1638 2890 cys
1687 2832 1692 2889 Ι
1743 2844 1852 2874 11610

173 2915 255 2946 om.
280 2916 298 2944 z

1877 901 1921 932 10

1879 1270 1921 1302 15

1878 1641 1921 1671 20

1875 2010 1918 2041 25
