2072 3145
112 931 154 961 10

110 1300 152 1331 15

106 1671 150 1701 20

107 2040 150 2071 25

848 119 1042 165 AGRIO.
1068 120 1134 163 ΙΠ
1157 125 1211 163 25
1758 120 1864 173 103

180 247 434 296 seruntur
473 242 616 295 omni
660 260 853 312 genere
896 242 1036 293 sicut
1074 241 1202 310 piri:
1241 260 1414 311 neque
1449 242 1657 293 exarari
1688 260 1861 311 neque
1884 242 1954 294 14

181 317 339 370 effodi
380 316 699 369 desiderant.
763 316 962 368 idcirco
1005 315 1080 367 eis
1122 316 1296 385 magis
1328 319 1487 384 prata
1520 317 1861 368 conueniunt.

182 396 389 443 stercus
430 394 643 442 tantum
682 408 791 442 non
832 390 1056 459 exigunt
1096 389 1326 457 quidem,
1372 391 1464 442 sed
1502 389 1735 442 libenter
1776 391 1864 442 ad-

182 469 423 532 sumunt,
478 465 563 516 uel
621 465 666 516 si
719 463 911 517 cineris
960 464 1207 531 pulueres
1257 464 1599 517 misceantur.
1678 467 1863 516 amant

181 539 451 591 modestas
485 539 797 608 rigationes.
838 537 1049 606 putatio
1076 537 1185 589 illis
1212 541 1340 606 apta
1365 542 1462 606 est,
1496 538 1588 590 sed
1613 537 1862 607 maxime,

179 616 241 665 ut
282 613 431 664 arida
465 618 558 664 aut
599 613 738 664 male
769 615 898 664 nata
930 611 1208 663 tollantur.
1272 611 1430 664 citius
1466 611 1696 665 senescit
1729 612 1861 665 haec
1882 612 1951 665 15

180 687 341 738 arbor
373 690 427 738 et
459 687 516 738 in
549 690 824 739 senectute
857 686 1160 754 degenerat.
1216 686 1261 737 si
1294 687 1493 738 caduca
1526 691 1652 738 sunt
1683 705 1861 755 poma,

178 761 338 812 fissae
386 761 555 813 radici
601 761 740 829 lapis
789 760 1019 812 iniectus
1071 777 1233 828 poma
1280 761 1548 812 retinebit.
1628 761 1861 813 lacertae

178 835 366 886 uiridis
423 834 546 886 felle
603 835 648 886 si
702 838 998 903 tangantur
1054 833 1356 900 cacumina,
1418 853 1525 886 non
1580 836 1862 903 putrescit.

180 927 389 960 uermes
432 908 543 960 eius
582 909 740 960 suillo
777 914 1012 960 stercore
1046 908 1216 960 mixto
1249 908 1514 960 humanae
1548 910 1734 960 urinae
1767 912 1862 961 aut

177 982 300 1034 felle
334 982 536 1034 bubulo
571 982 982 1050 extinguuntur:
1018 983 1109 1050 qui
1144 983 1189 1034 si
1221 983 1401 1050 plures
1436 983 1576 1035 circa
1611 984 1860 1035 arborem

180 1060 327 1122 sunt,
377 1075 531 1108 aereo
583 1057 791 1124 scalpro
841 1056 1005 1108 semel
1052 1056 1161 1108 rasi
1207 1075 1318 1108 non
1365 1057 1509 1108 ultra
1554 1060 1858 1109 nascentur.

178 1149 314 1198 quae
355 1148 476 1182 rasa
516 1136 664 1199 sunt,
713 1130 974 1182 bubulum
1021 1134 1228 1183 stercus
1270 1131 1517 1183 obducat.
1596 1131 1641 1182 si
1683 1131 1858 1199 spissa
1878 1133 1945 1185 16

178 1223 337 1269 poma
389 1222 568 1256 ramos
625 1205 949 1272 onerabunt,
1004 1204 1375 1274 interlegenda
1432 1207 1557 1256 sunt
1614 1224 1855 1274 quaeque

177 1278 401 1345 uitiosa,
465 1282 525 1329 ut
585 1279 903 1330 alimentum
959 1277 1151 1330 ceteris
1207 1297 1364 1330 sucus
1429 1279 1741 1347 aequiperet
1803 1283 1858 1331 et

177 1356 453 1421 generosis
488 1352 874 1404 abundantiam
907 1352 1194 1417 ministret,
1230 1371 1390 1420 quam
1422 1370 1710 1405 numerosa
1737 1353 1857 1405 uili-

174 1429 286 1478 tate
327 1426 598 1494 perdebat.
665 1428 835 1477 melus
879 1427 1024 1478 omni
1066 1444 1259 1495 genere
1299 1427 1463 1478 inseri
1503 1430 1707 1494 potest,
1750 1445 1855 1495 quo
1878 1431 1945 1482 17

172 1500 337 1568 pirus.
400 1519 581 1552 mense
621 1499 910 1565 februario,
950 1501 1146 1552 martio
1189 1504 1243 1552 et
1283 1500 1418 1569 aliis,
1460 1500 1656 1569 quibus
1689 1502 1859 1571 pirus,

174 1575 430 1626 inseritur
477 1575 533 1626 in
583 1575 745 1642 111610,
799 1574 857 1625 111
902 1575 1043 1642 piro,
1099 1575 1153 1626 in
1201 1575 1379 1642 spino,
1435 1593 1630 1642 pruno,
1679 1576 1858 1645 sorbo,

174 1649 401 1716 persiCO,
432 1649 667 1716 platan0‚
692 1648 909 1716 popuIO,
935 1649 1111 1701 salice.
1165 1648 1454 1718 diligenter
1478 1649 1704 1718 legenda
1731 1654 1858 1701 sunt

175 1723 337 1791 mela,
387 1741 521 1790 quae
568 1722 819 1774 uolumus
862 1723 1145 1774 custodire.
1225 1742 1286 1774 ea
1325 1723 1382 1774 in
1420 1723 1554 1775 locis
1597 1724 1857 1793 obscuriS‚

173 1797 268 1848 ubi
314 1802 508 1848 uentus
557 1815 664 1848 non
713 1798 805 1864 sit,
863 1795 1174 1848 stramentis
1229 1795 1377 1865 prius
1433 1797 1490 1848 in
1541 1801 1686 1849 crate
1736 1799 1857 1849 sub-

174 1870 328 1922 iectis
392 1871 448 1922 in
505 1871 746 1922 cumulos
811 1874 1015 1922 secreta
1080 1871 1439 1938 disponimus:
1505 1871 1595 1939 qui
1656 1872 1857 1924 cumuli

174 1943 445 2012 frequenti
502 1945 765 1996 diuisione
823 1948 1152 2011 separentur.
1230 1945 1398 2013 aliqui
1453 1945 1665 1997 diuersa
1717 1946 1857 1998 dixe-

177 2023 325 2087 runt,
371 2018 458 2069 uel
507 2017 719 2087 singula
766 2018 822 2069 in
867 2018 1103 2070 uasculis
1150 2019 1410 2071 fictilibus
1459 2018 1652 2086 picatis
1694 2023 1855 2088 atque

178 2092 363 2144 oblitis
417 2092 592 2144 claudi
639 2093 726 2144 uel
775 2093 969 2161 argilla
1016 2093 1224 2145 inuolui
1264 2094 1351 2144 uel
1393 2093 1536 2145 solos
1578 2094 1854 2161 pediculos

173 2169 322 2218 creta
370 2166 535 2217 adlini
575 2167 660 2218 uel
700 2167 756 2217 in
797 2166 998 2217 tabulis
1041 2167 1318 2218 substrata
1356 2167 1512 2235 palea
1552 2167 1763 2235 disponi
1803 2172 1858 2220 et

294 2331 315 2368 1
350 2325 452 2381 pira
476 2326 525 2368 E
547 2328 560 2382 ΙΙ
586 2331 610 2368 2
642 2329 779 2381 prata
810 2325 961 2382 magis
987 2327 1036 2369 E
1058 2329 1071 2382 ll
1097 2332 1121 2369 3
1156 2327 1340 2370 Stercus
1375 2327 1569 2370 ouillum
1594 2328 1637 2370 V
1659 2329 1710 2370 in
1735 2343 1854 2371 mar-

173 2385 297 2441 yine,
332 2385 422 2428 SE
432 2385 481 2427 F
487 2400 566 2439 ac
609 2386 793 2428 Stercus
827 2385 1003 2428 ouilum
1034 2387 1072 2441 i,
1106 2386 1290 2429 Stercus
1325 2386 1554 2443 [ovillum]
1586 2402 1634 2443 9,
1669 2386 1854 2430 Stercus

174 2443 387 2500 (ouillum
410 2446 611 2501 tantum)
635 2459 669 2497 3,
701 2447 887 2487 tantum
912 2459 992 2488 om.
1017 2445 1058 2488 G
1062 2460 1096 2500 p
1119 2448 1133 2502 Η
1159 2451 1182 2488 6
1216 2448 1269 2488 ut
1293 2460 1374 2488 om.
1398 2446 1452 2499 G,
1484 2448 1564 2488 aut
1588 2460 1764 2501 supra
1754 2446 1849 2504 521

175 2505 222 2545 et
252 2502 374 2545 male
406 2503 456 2545 E
491 2505 504 2559 ΙΙ
544 2510 567 2546 8
600 2503 772 2546 radicis
805 2505 855 2546 E
890 2506 904 2560 Η
945 2509 968 2546 9
1003 2504 1218 2547 caumina
1255 2505 1291 2561 Q
1323 2507 1336 2560 Η
1378 2509 1431 2547 10
1463 2504 1625 2548 urinae
1651 2519 1732 2548 om.
1767 2506 1809 2548 L
1839 2505 1856 2564 Η

175 2566 226 2604 11
270 2561 571 2618 extinguntur
601 2563 759 2606 LGE
803 2565 816 2619 ΙΙ
866 2568 918 2605 13
959 2577 1078 2619 quae
1117 2578 1224 2606 rara
1264 2566 1371 2606 sunt
1402 2564 1515 2619 LQ,
1562 2563 1600 2606 si
1642 2577 1695 2606 ea
1735 2563 1852 2619 loca,

173 2621 296 2663 unde
327 2621 421 2663 rasi
447 2624 554 2664 sunt
578 2637 703 2679 acys
731 2625 735 2678 Ι
767 2621 804 2664 81
835 2636 916 2665 om.
944 2623 994 2665 E
1015 2624 1028 2678 ΙΙ
1056 2628 1109 2666 14
1144 2625 1251 2666 sunt
1275 2637 1355 2665 om.
1388 2623 1429 2666 G
1452 2625 1466 2678 Η
1492 2628 1544 2665 15
1580 2601 1855 2678 aequiparet

177 2679 749 2795 Ξὲαὲῗέαῖᾳᾝῗὲἒῗ
756 2685 947 2783 tls-313²
949 2681 1118 2797 ¹33¹&
1148 2681 1492 2796 ΞΠἏῙΞΤΕἮῙῚἝΞ
1527 2682 1854 2784 ῗέῖὲοῗῗῗέ

170 2812 313 2853 supra
359 2801 372 2851 ΙΙ
420 2754 583 2842 2591161
624 2799 810 2856 singula
848 2801 951 2843 mel
985 2815 1042 2856 98
1085 2802 1090 2856 Ι
1140 2800 1265 2843 uasis
1297 2801 1347 2842 E
1394 2802 1398 2855 Ι
1448 2799 1738 2856 piccatisque
1772 2800 1852 2843 ob-

171 2856 271 2899 litis
288 2858 337 2899 E
362 2859 367 2913 1
397 2860 536 2912 atque
555 2872 635 2902 om.
655 2860 738 2914 ΕΗ
764 2864 818 2902 ‘26
845 2858 919 2901 uel
939 2858 1383 2915 solos—contingas
1400 2873 1481 2902 om.
1495 2873 1530 2914 p
1554 2861 1568 2915 Η
1594 2864 1646 2901 27
1672 2858 1758 2902 lini
1775 2860 1847 2918 E1

171 2914 398 2959 intalibus
438 2917 496 2970 G,
530 2917 578 2960 in
612 2917 810 2961 stabulis
843 2919 893 2960 E
