2014 3169
148 130 254 182 134
847 131 1130 174 PALLADH

144 252 522 318 infundantur,
569 256 630 303 ut
671 255 905 304 enatent.
984 256 1268 304 seruantur
1316 257 1370 304 et
1417 254 1598 323 melle,
1646 256 1738 307 sed
1783 257 1829 308 si

143 327 307 378 nimis
350 330 563 378 matura
604 326 903 395 collegeris,

55 401 126 453 23
257 400 354 452 DE
397 399 582 453 FICV.
656 399 857 453 Calidis
905 400 1038 452 locis
1087 401 1175 452 fici
1221 400 1409 468 planta
1454 403 1695 455 radicata
1738 423 1830 456 no-

145 475 356 526 uembri
404 493 609 542 mense,
664 474 980 541 temperatis
1028 474 1321 543 februario⁷
1376 475 1587 545 frigidis
1636 478 1828 531 melius

144 549 342 601 martio
383 549 470 600 uel
512 547 670 617 aprili
710 548 958 616 ponenda
999 552 1102 600 est:
1144 549 1189 599 si
1221 549 1421 601 taleam
1454 551 1540 602 uel
1573 569 1828 604 cacumen
1876 571 1896 603 5

143 640 329 690 ponas⁷
363 623 555 674 ultimo
590 622 763 690 aprili,
797 641 919 674 cum
953 623 1001 674 ei
1035 641 1089 674 se
1119 623 1345 674 uiridior
1371 642 1528 676 sucus
1553 624 1826 679 infuderit.

143 698 361 765 plantae
402 697 459 748 in
499 698 687 749 scrobe
729 698 1003 764 depositae
1044 695 1249 765 lapides
1290 698 1654 750 substituendi
1687 704 1830 768 sunt,

144 772 207 823 ad
257 771 492 823 radicem
539 771 667 822 fimo
709 774 856 822 terra
896 771 1169 823 miscenda
1211 775 1306 823 est.
1385 771 1431 823 si
1471 772 1591 824 loca
1628 773 1829 843 frigida

145 849 291 914 sunt,
339 845 650 913 plantarum
699 844 974 897 cacumina
1022 844 1210 896 diuisis
1261 864 1460 897 cannae
1510 847 1826 900 internodiis

54 918 125 970 24
144 919 498 971 defendantur
546 938 576 970 a
615 919 834 987 frigore.
915 920 959 971 si
1001 938 1253 971 cacumen
1294 921 1430 971 uelis
1471 938 1691 989 ponere,
1737 923 1829 974 tri-
1854 943 1897 974 10

143 994 352 1046 sulcum
398 1012 610 1045 ramum
657 994 866 1045 bimum
909 994 996 1045 uel
1037 994 1260 1045 trimum
1301 994 1367 1045 ab
1410 994 1635 1046 australi
1674 1001 1828 1064 parte

143 1067 351 1120 decides
394 1073 448 1119 et
489 1067 565 1120 sic
606 1069 816 1135 obrues7
856 1071 918 1118 ut
959 1067 1133 1119 diuisa
1173 1068 1449 1120 cacumina
1489 1072 1636 1121 terra
1667 1070 1830 1122 inter-

141 1143 347 1195 iacente
388 1141 539 1194 uelut
580 1146 688 1194 tres
731 1142 974 1194 surculos
1015 1142 1253 1193 reddant.
1318 1143 1515 1194 taleam
1557 1143 1632 1196 sic
1671 1162 1830 1211 pone-

143 1236 286 1284 muS‚
334 1220 396 1268 ut
444 1219 643 1285 cetera,
699 1216 1026 1279 cuilleuiter
1074 1217 1140 1267 ab
1189 1216 1376 1268 infima
1422 1220 1574 1285 parte
1624 1218 1828 1270 diuisae

142 1291 378 1359 lapidem
433 1309 738 1360 mergemus
802 1291 857 1342 in
912 1291 1054 1342 fisso,
1143 1308 1242 1359 ego
1307 1309 1489 1342 mense
1551 1291 1826 1345 februario
1854 1313 1896 1345 15

141 1365 336 1417 ultimo
385 1365 473 1416 uel
521 1365 716 1416 martio
766 1364 821 1415 in
861 1364 1023 1416 Italia
1070 1365 1284 1432 plantas
1332 1366 1561 1434 grandes
1602 1366 1829 1418 ficorum

141 1458 237 1507 per
276 1440 612 1507 pastinatum
654 1440 829 1491 solum
870 1439 1112 1507 disposui
1162 1442 1215 1491 et
1255 1457 1315 1490 eo
1357 1457 1495 1491 anno
1536 1458 1699 1507 poma
1738 1459 1827 1510 pe-

143 1518 401 1582 pererunt
427 1532 589 1581 supra
615 1513 1081 1581 conprehendendi
1101 1512 1421 1565 felicitatem
1446 1514 1596 1565 uelut
1621 1515 1830 1566 tributa

53 1588 124 1641 25
142 1589 437 1640 reddentes.
503 1588 761 1657 legendae
803 1591 929 1639 sunt
968 1588 1202 1655 plantae,
1242 1588 1298 1638 in
1340 1588 1532 1655 quibus
1573 1588 1826 1657 frequens

140 1662 312 1714 nodus
347 1662 645 1714 extuberat.
710 1662 920 1714 steriles
956 1661 1260 1729 creduntur7
1294 1679 1429 1730 quae
1461 1663 1666 1714 nitidae
1700 1667 1826 1714 sunt
1852 1683 1896 1715 20

142 1742 196 1788 et
245 1737 429 1789 oculos
468 1749 604 1788 'suos
652 1755 748 1804 per
795 1737 958 1804 longa
1005 1735 1311 1787 internodia
1358 1736 1701 1788 distulerunt.
1781 1739 1826 1788 si

141 1811 385 1878 plantam
435 1810 522 1863 fici
568 1811 718 1879 prius
766 1812 975 1862 nutrias
1025 1810 1082 1861 in
1133 1810 1421 1862 seminario
1464 1814 1517 1862 et
1557 1816 1827 1863 maturam

140 1885 435 1937 transferas
491 1886 547 1937 in
603 1886 874 1951 scrobem,
928 1903 1091 1953 poma
1147 1884 1494 1954 generosiora
1549 1885 1824 1953 producet.

141 1960 309 2027 aliqui
365 1959 596 2011 multum
648 1960 901 2027 prodesse
951 1959 1298 2026 confirmant,
1355 1959 1400 2010 si
1447 1959 1690 2027 plantam
1738 1959 1827 2012 fici

140 2034 314 2085 diuiso
365 2034 590 2102 squillae
638 2034 803 2085 bulbo
848 2033 1158 2085 intersitam
1199 2033 1552 2101 strictamque
1593 2033 1824 2086 uinculis
1849 2053 1893 2085 25

141 2107 496 2160 conlocemus
576 2108 792 2160 scrobes
850 2111 996 2159 amat
1045 2108 1205 2175 altaS‚
1260 2108 1549 2158 interualla
1605 2107 1825 2175 maiora,

140 2185 314 2233 terrae
373 2200 540 2252 genus
597 2183 789 2233 durum
846 2185 899 2234 et
950 2182 1150 2250 gracile
1200 2185 1254 2233 et
1302 2182 1504 2233 siccum
1553 2199 1652 2248 pro
1707 2180 1825 2232 utili

51 2257 122 2309 26
143 2274 331 2324 sapore
371 2273 671 2325 pomorum.
739 2258 993 2324 prouenit
1033 2260 1086 2307 et
1126 2256 1362 2323 petrosis
1403 2260 1564 2323 atque
1600 2255 1828 2324 asperis:

140 2335 323 2382 tamen
361 2333 544 2398 potest
583 2331 716 2383 locis
752 2349 919 2398 prope
955 2330 1204 2382 omnibus
1240 2329 1358 2382 seri.
1424 2348 1558 2398 quae
1590 2329 1647 2380 in
1680 2347 1826 2382 mon-

261 2525 281 2562 1
318 2520 533 2564 innatent
565 2535 586 2565 s
617 2523 630 2576 Η
664 2526 688 2563 2
722 2520 874 2563 minus
908 2522 1030 2576 incy
1062 2523 1075 2575 Η
1108 2525 1132 2562 3
1167 2520 1279 2561 ficus
1313 2519 1362 2562 E
1382 2521 1395 2574 Η
1420 2522 1447 2560 4
1478 2517 1703 2562 februarii
1736 2519 1786 2562 E
1818 2519 1823 2575 Ι

139 2578 311 2635 frigido
336 2579 491 2623 medio
517 2580 690 2624 marcio
717 2581 774 2634 F,
800 2579 967 2622 melius
993 2594 1075 2622 om.
1097 2595 1131 2635 p
1155 2582 1168 2635 ΙΙ
1194 2583 1218 2620 5
1251 2577 1378 2620 talea
1403 2578 1452 2620 E
1474 2582 1486 2633 Η
1512 2582 1536 2620 6
1567 2577 1722 2621 ultimi
1746 2578 1790 2622 L
1813 2579 1828 2636 ξΙ

143 2643 166 2680 7
201 2639 408 2682 scrobem
440 2640 482 2683 G
507 2642 520 2695 Η
550 2645 600 2682 10
633 2639 876 2683 trifurcum
901 2654 921 2682 ,ς
945 2641 958 2694 11
986 2645 1035 2681 11
1064 2639 1227 2682 binum
1251 2636 1327 2679 uel
1351 2636 1525 2679 trinum
1551 2638 1601 2680 E
1621 2640 1635 2693 ΙΙ
1663 2642 1714 2679 12
1750 2637 1826 2680 de-

142 2697 271 2740 cidas
304 2700 427 2756 ‘lacy
451 2702 465 2754 Η
493 2704 544 2741 13
580 2699 731 2742 sulcos
757 2700 806 2742 E
827 2701 841 2754 Η
868 2704 921 2741 14
955 2701 1007 2741 ut
1039 2701 1085 2741 et
1118 2700 1303 2741 caetera
1336 2697 1406 2753 V}
1436 2696 1544 2739 fima
1564 2711 1598 2752 p
1621 2699 1635 2752 Η
1662 2701 1713 2738 17
1747 2709 1827 2752 pe-

140 2770 301 2812 perere
330 2758 535 2815 Giacys
559 2761 572 2813 Η
600 2764 652 2802 18
688 2757 1017 2815 comprehendi
1041 2758 1092 2800 E
1117 2758 1122 2815 1
1150 2756 1380 2800 tributum
1407 2756 1456 2798 E
1476 2758 1489 2812 ΙΙ
1515 2761 1570 2798 20
1604 2755 1828 2799 exuberat

141 2816 274 2860 EGs
297 2819 311 2872 ΙΙ
337 2822 389 2859 21
426 2817 599 2873 longua
634 2818 683 2861 E
704 2820 717 2873 ΙΙ
743 2822 796 2860 22
829 2817 1095 2873 plantatam
1127 2817 1170 2860 L
1199 2820 1203 2873 Ι
1233 2816 1344 2858 ficus
1377 2816 1427 2858 Ε
1451 2816 1456 2872 Ι
1484 2814 1612 2871 prius
1645 2828 1726 2858 om.
1747 2828 1784 2870 p

141 2879 196 2917 23
231 2890 457 2932 generosa
490 2878 539 2920 Ε
560 2880 574 2933 Η
600 2882 654 2920 24
689 2875 1125 2932 aliqui—procedit
1157 2878 1270 2931 (sect.
1299 2877 1374 2929 30)
1400 2888 1480 2917 om.
1504 2888 1539 2929 p
1567 2876 1572 2931 Ι
1601 2874 1712 2916 ficus
1737 2873 1786 2916 E

141 2939 196 2977 25
222 2935 363 2978 bolbo
389 2937 439 2990 V,
465 2936 595 2979 bullo
615 2937 663 2979 E
685 2939 698 2991 Η
725 2941 778 2980 28
803 2935 1048 2992 proueniet
1066 2936 1115 2979 E
1134 2937 1148 2991 ΙΙ
1173 2939 1228 2977 29
1254 2933 1368 2977 locis
1386 2935 1542 2989 potest
1559 2933 1607 2976 E
1632 2935 1637 2990 l
1667 2932 1764 2975 fieri
