2014 3169
193 107 298 158 142
892 105 1174 148 PALLADH

191 232 258 295 et,
300 228 442 296 quod
481 228 614 279 utile
657 230 755 294 est,
796 227 842 278 si
883 225 1115 279 arationi
1150 230 1426 294 parantur,
1468 227 1692 279 subacto
1725 227 1876 295 prius

191 303 307 354 solo
364 301 643 354 exercendi
701 304 851 368 sunt,
906 304 968 351 ut
1022 319 1195 352 nouus
1251 300 1407 352 labor
1461 303 1648 353 tenera
1703 301 1875 353 adhuc

120 377 156 427 4
198 376 337 429 colla
383 393 490 427 non
539 378 772 443 quasset.
851 373 1150 442 expeditior
1198 377 1378 425 autem
1429 375 1680 427 domandi
1734 375 1876 426 ratio

190 454 286 518 est,
327 454 389 501 ut
430 468 680 517 asperum
720 449 917 500 bouem
958 451 1240 500 mansueto
1283 453 1336 499 et
1376 448 1556 500 ualido
1595 449 1723 501 boui
1758 467 1877 501 con-

189 525 560 594 iungaS‚-quo
611 523 925 574 ostendente
966 521 1122 574 facile
1165 522 1230 573 ad
1273 523 1453 573 omnia
1492 527 1715 591 cogetur
1756 522 1874 574 offi-
1923 542 1944 575 5

190 599 285 650 cia.
336 598 380 649 si
413 600 539 666 post
573 597 900 648 domituram
935 596 1209 648 decumbit
1242 596 1297 647 in
1332 596 1497 664 sulCO,
1531 615 1639 648 non
1665 596 1875 648 adficia-

190 679 278 724 tur
310 673 435 741 igne
466 688 565 723 nec
596 671 835 739 uerbere,
876 671 966 723 sed
998 671 1198 739 potius,
1241 688 1362 721 cum
1394 671 1683 739 decumbit,
1713 671 1876 739 pedes

190 749 304 798 eius
344 747 423 798 ita
461 744 703 814 ligentur
743 745 990 811 uinculiS,
1030 747 1090 795 ut
1130 763 1238 796 non
1276 745 1452 811 possit
1491 744 1746 813 progredi
1783 749 1877 796 aut

190 825 334 872 stare
374 820 461 871 uel
502 819 666 887 pasci.
731 837 836 887 quo
877 818 1022 871 facto
1065 817 1156 870 siti
1199 836 1258 870 ac
1291 817 1433 869 fame
1467 819 1702 871 lassatus
1737 836 1877 871 care·

189 895 271 947 bit
309 894 413 946 hoc
453 894 605 945 uitio.
679 927 683 931 -
1902 914 1945 944 10

425 1086 522 1138 DE
565 1083 809 1154 EQVIS,
849 1083 1194 1146 EQVABVS
1236 1084 1330 1136 ET
1368 1082 1649 1136 PVLLIS.

50 1197 58 1203 ’
101 1191 235 1243 XIII
374 1189 493 1242 Hoc
550 1208 730 1242 mense
788 1189 1022 1259 saginati
1079 1207 1139 1241 ac
1194 1188 1338 1257 pasti
1395 1192 1519 1240 ante
1576 1187 1879 1240 admissarii

190 1265 466 1335 generosis
510 1265 750 1332 equabus
793 1262 1115 1316 admittendi
1156 1267 1282 1314 sunt
1323 1266 1376 1315 et
1412 1262 1632 1331 repletis
1665 1261 1878 1313 feminis

188 1341 322 1392 item
370 1339 436 1390 ad
485 1340 700 1390 stabula
749 1338 1056 1407 colligendi.
1133 1355 1306 1404 neque
1363 1341 1546 1389 tamen
1602 1336 1876 1405 aequalem

189 1432 474 1466 numerum
524 1412 766 1464 omnium
814 1413 1069 1464 debemus
1111 1411 1394 1478 adhibere,
1445 1412 1535 1463 sed
1575 1410 1878 1463 aestimatis
1904 1430 1946 1463 15

189 1488 398 1541 uiribus
454 1487 876 1554 uniuscuiusque
933 1484 1238 1537 admissarii
1302 1485 1687 1537 summittenda
1749 1488 1877 1536 sunt

187 1580 360 1631 pauca
406 1562 493 1613 uel
543 1579 832 1613 numerosa
880 1560 1153 1629 coniugia,
1209 1578 1344 1628 quae
1400 1578 1485 1611 res
1534 1558 1734 1611 efficiet
1789 1558 1876 1609 ad-

189 1634 467 1689 missarios
500 1654 610 1688 non
640 1654 809 1704 parua
842 1638 1018 1686 aetate
1053 1635 1257 1685 durare.
1307 1634 1489 1685 iuueni
1521 1636 1706 1685 tamen
1739 1650 1875 1700 equo

189 1715 243 1763 et
281 1710 490 1762 uiribus
532 1710 811 1778 formaque
846 1709 1117 1761 constanti
1149 1727 1259 1760 non
1292 1708 1523 1776 amplius
1558 1726 1718 1776 quam
1752 1707 1875 1758 duo-

189 1785 361 1837 decim
413 1784 497 1836 uel
546 1783 851 1853 quindecim
891 1784 1145 1835 debemus
1188 1782 1495 1850 admittere,
1543 1781 1735 1833 ceteris
1775 1799 1872 1848 pro
1900 1801 1943 1832 20

113 1860 146 1910 2
190 1859 451 1928 qualitate
492 1858 692 1910 uirium
733 1877 965 1909 suarum.
1030 1857 1122 1909 sed
1161 1856 1218 1907 in
1258 1856 1575 1908 admissario
1618 1857 1876 1923 quattuor

189 1934 480 2002 spectanda
524 1937 672 2001 sunt,
721 1932 919 1997 forma,
968 1931 1139 1999 color,
1187 1931 1465 1998 meritum,
1513 1929 1873 1998 pulchritudo.

188 2008 244 2059 in
290 2007 467 2059 forma
507 2007 638 2059 haec
681 2025 987 2074 sequemur:
1040 2008 1259 2057 uastum
1299 2022 1491 2073 corpus
1534 2007 1588 2055 et
1628 2003 1874 2071 solidum,

187 2082 370 2134 robori
405 2080 727 2133 conueniens
762 2081 1011 2149 altitudo,
1046 2080 1189 2131 latus
1222 2078 1619 2148 longissimum,
1651 2077 1871 2129 maximi

189 2175 250 2208 ac
290 2155 508 2207 rotundi
550 2156 748 2221 cluneS,
788 2158 977 2222 pectus
1018 2155 1125 2206 late
1165 2156 1355 2221 patens
1397 2156 1450 2204 et
1487 2170 1681 2220 corpus
1716 2169 1870 2204 omne
1897 2171 1940 2204 25

189 2229 554 2282 musculorum
596 2229 860 2281 densitate
901 2229 1188 2295 nodosum,
1225 2245 1318 2295 pes
1360 2227 1532 2278 siccus
1574 2229 1628 2278 et
1667 2225 1871 2278 solidus

189 2308 242 2356 et
272 2322 439 2356 cornu
465 2321 700 2356 concauo
728 2303 891 2354 altius
919 2302 1194 2355 calciatus.
1244 2300 1664 2369 pulchritudinis
1689 2302 1872 2367 partes

306 2440 330 2476 3
356 2433 643 2491 Expicticior
662 2434 710 2476 E
735 2436 739 2489 Ι
769 2432 888 2476 ratio
915 2436 985 2475 est
1011 2431 1233 2476 domandi
1258 2432 1409 2488 iacys
1437 2432 1442 2487 1
1472 2430 1624 2473 adhuc
1647 2428 1770 2473 ratio
1787 2428 1872 2486 ΕΗ

185 2501 211 2538 4
244 2494 397 2537 leuem
424 2508 510 2549 pro
542 2494 711 2537 bouem
742 2493 792 2536 Ε
817 2494 822 2549 Ι
852 2492 1081 2548 adiungas
1115 2493 1165 2535 E
1186 2493 1200 2547 ΙΙ
1232 2495 1256 2533 5
1291 2493 1514 2547 cogentur
1549 2490 1650 2533 GE
1683 2491 1697 2546 ΙΙ
1734 2494 1759 2532 6
1793 2488 1873 2532 do-

185 2556 419 2596 maturam
455 2554 495 2596 G
546 2556 551 2609 Ι
602 2551 1010 2596 non—decumbit
1041 2552 1168 2595 omi
1213 2551 1227 2606 ΙΙ
1275 2555 1297 2592 7
1342 2551 1424 2592 aut
1460 2549 1652 2592 uerbere
1685 2548 1752 2601 E,
1793 2547 1870 2591 uel

185 2613 377 2656 uerbere
406 2612 442 2668 Q
459 2614 557 2655 Tia
581 2615 595 2669 Η
621 2618 645 2655 8
678 2611 883 2668 ligentur
914 2610 983 2653 ita
1009 2611 1057 2653 Ε
1079 2613 1092 2666 ΙΙ
1119 2615 1170 2652 11
1207 2611 1254 2653 et
1286 2623 1444 2652 eorum
1473 2610 1628 2652 aetate
1653 2607 1786 2651 addit
1807 2621 1831 2650 c
1852 2606 1868 2665 Η

188 2678 241 2715 13
274 2671 487 2729 generosi
519 2686 578 2728 69
621 2675 625 2725 Ι
669 2670 882 2714 foeminis
915 2667 1137 2713 iterums
1175 2672 1189 2725 ΙΙ
1231 2673 1283 2712 15
1325 2667 1538 2711 onmibus
1573 2680 1701 2724 acys
1743 2667 1748 2724 Ι
1791 2679 1868 2709 ex-

185 2730 363 2775 timatis
396 2732 414 2774 i
452 2734 466 2787 Η
507 2736 559 2774 16
594 2731 817 2785 cuiusque
849 2729 1076 2772 emissarii
1102 2743 1138 2785 p
1180 2729 1185 2786 Ι
1230 2727 1523 2771 admittenda
1558 2726 1600 2770 G
1639 2728 1654 2783 ΙΙ
1699 2729 1755 2768 20
1788 2724 1867 2768 uel

184 2789 450 2845 quindecim
481 2805 563 2834 om.
593 2790 635 2833 G
671 2792 676 2845 Ι
712 2789 971 2844 ceterisque
1004 2789 1167 2845 1411123
1201 2788 1288 2831 hoc
1322 2788 1472 2844 iacys
1500 2793 1505 2841 Ι
1542 2783 1743 2841 corporis
1776 2784 1820 2827 L
1849 2783 1866 2842 ΙΙ

185 2856 240 2893 25
273 2852 321 2894 et
346 2864 433 2905 pro
467 2864 520 2893 ac
551 2851 700 2906 iacys
730 2857 734 2898 ῑ
764 2863 817 2892 ac
848 2851 1000 2892 totum
1025 2847 1229 2891 decliues
1256 2847 1313 2900 F,
1349 2845 1497 2889 clunis
1522 2846 1540 2888 i
1567 2847 1572 2900 Ι
1601 2857 1735 2888 omne
1768 2857 1866 2887 cor-

183 2925 269 2966 pus
305 2910 345 2952 G
370 2911 384 2963 ΙΙ
409 2914 463 2952 26
502 2923 586 2965 pos
622 2910 664 2953 G
687 2911 701 2965 Η
727 2913 781 2951 27
816 2921 1019 2951 concaue
1054 2907 1103 2950 E
1126 2908 1133 2962 Ι
1160 2904 1495 2950 Pulcritudinis
1529 2905 1686 2948 autem
1719 2902 1769 2946 Ε
1821 2951 1826 2955 ,
