2072 3145
91 654 110 687 5

136 929 285 980 ducti
324 947 432 980 non
474 929 654 996 aliqua
693 928 955 978 uitientur
997 925 1209 977 offensa.
1282 925 1337 975 in
1380 924 1498 992 ipso
1539 941 1667 974 uero
1711 925 1817 973 sta-

721 138 915 182 AGRIC.
940 138 1025 181 [ΠΙ
1050 142 1220 181 11-12
1709 135 1809 187 141

559 306 657 358 DE
698 301 1090 358 DOMANDIS
1131 299 1391 354 BVBVS.

242 410 362 463 Hoc
416 429 597 462 mense
652 410 846 462 ultimo
902 407 1154 460 domandi
1195 409 1321 458 sunt
1371 405 1519 458 trimi
1566 405 1751 471 boueS,
1799 402 1905 455 XII

135 485 260 554 quia
313 488 439 553 post
495 483 919 552 quinquennium
973 483 1108 533 bene
1165 481 1373 532 domari
1426 498 1534 531 non
1584 481 1814 546 possunt

135 557 329 611 aetatis
369 562 702 627 repugnante
744 555 956 609 duritia.
1021 555 1163 623 capti
1205 571 1333 623 ergo
1377 554 1562 605 statim
1601 553 1813 604 domen-

136 637 248 702 tur,
296 632 387 700 qui
428 633 640 700 quidem
680 632 852 700 prius,
903 649 1022 682 cum
1064 628 1235 680 teneri
1274 628 1497 694 fuerint,
1543 625 1817 694 frequenti

136 725 325 758 manus
367 706 758 759 adtrectatione
800 706 1192 756 mansuescant.
1259 701 1348 753 sed
1383 700 1656 753 stabulum
1687 700 1817 752 noui

134 782 301 833 boues
341 780 668 849 largioribus
710 779 901 847 spatiis
941 777 1139 829 habere
1182 776 1467 842 debebunt,
1507 779 1567 826 ut
1605 779 1658 825 et
1692 777 1816 825 ante

137 855 411 906 stabulum
458 854 577 906 loca
623 854 788 905 nullis
839 852 1226 904 concludantur
1274 848 1541 919 angustiis
1599 852 1652 900 et
1699 866 1818 916 pro·

1857 921 1890 972 [Ὁ

69 1025 113 1056 10
137 1002 264 1054 bulo
313 1003 525 1053 adseres
574 1001 871 1053 transuersi
920 1019 949 1051 a
996 1004 1141 1050 terra
1194 1002 1400 1067 septem
1447 997 1670 1065 pedibus
1720 994 1819 1046 alti

73 1393 115 1426 15

77 1765 120 1795 20

80 2134 122 2167 25

137 1077 492 1146 configantur.
570 1076 635 1127 ad
684 1093 817 1142 quos
859 1075 1024 1125 boues
1055 1074 1308 1142 vligentur
1348 1070 1611 1123 indomiti.
1690 1075 1819 1121 tunc

138 1150 295 1219 eligis
336 1150 646 1202 absolutam
685 1149 1103 1217 tempestatibus
1145 1150 1197 1198 et
1238 1145 1618 1214 inpedimentis
1654 1144 1820 1196 omni-

136 1225 238 1276 bus
272 1224 428 1292 diem,
461 1242 565 1292 qua
598 1224 742 1291 capti
774 1223 1137 1290 perducantur
1163 1222 1227 1273 ad
1255 1220 1545 1272 stabulum.
1591 1236 1819 1286 quorum

139 1299 185 1349 si
223 1297 393 1350 nimia
431 1297 596 1349 fuerit
637 1297 916 1364 asperitaS,
955 1314 1061 1347 uno
1103 1296 1186 1347 die
1229 1313 1288 1346 ac
1327 1297 1486 1346 nocte
1527 1294 1668 1344 inter
1709 1292 1822 1343 uin-

141 1372 260 1425 cula
315 1370 635 1441 mitigentur
688 1375 849 1438 atque
897 1369 1110 1421 ieiunia.
1188 1374 1316 1420 tunc
1366 1366 1820 1435 appellationibus

143 1446 354 1498 blandis
397 1450 450 1498 et
489 1445 774 1496 inlecebris
809 1444 1116 1496 oblatorum
1151 1443 1409 1509 ciborum,
1448 1460 1557 1492 non
1590 1459 1621 1492 a
1651 1441 1820 1491 latere

140 1538 312 1588 neque
362 1539 392 1571 a
438 1523 618 1589 tergO,
674 1519 765 1571 sed
814 1538 844 1570 a
891 1518 1068 1569 fronte
1118 1517 1373 1569 accedens
1422 1515 1687 1567 bubulcus
1738 1514 1823 1565 ad-

141 1594 376 1646 mulceat
428 1612 693 1661 naresque
746 1596 800 1644 et
854 1596 1010 1661 terga
1056 1593 1354 1659 pertractet
1400 1608 1547 1641 mero
1597 1588 1823 1640 subinde

143 1685 527 1737 conspergenS,
576 1668 677 1718 hac
725 1671 907 1719 tamen
954 1666 1224 1733 cautione,
1278 1683 1343 1716 ne
1398 1664 1632 1731 aliquem
1681 1661 1824 1714 calce

145 1743 425 1811 contingat
471 1745 565 1794 aut
613 1759 791 1793 cornu.
871 1740 1014 1808 quod
1052 1740 1273 1807 uitium,
1322 1738 1367 1789 si
1413 1738 1470 1788 in
1512 1736 1822 1805 primordiis

146 1816 359 1868 effectui
415 1815 518 1867 sibi
567 1815 790 1867 cessisse
840 1814 1088 1882 senserit,
1146 1812 1430 1864 obtinebit.
1506 1814 1636 1863 tunc
1684 1808 1825 1861 miti·
1866 1809 1899 1861 3

145 1890 288 1959 gatis
338 1907 396 1942 os
446 1892 499 1941 et
545 1889 790 1956 palatum
870 1888 1073 1952 salibus
1121 1886 1255 1939 frica
1305 1889 1359 1937 et
1406 1885 1462 1935 in
1509 1885 1694 1953 gulam
1741 1885 1825 1935 de-

146 1964 303 2015 mitte
350 1963 658 2032 praesulsae
706 1962 878 2031 adipis
932 1961 1151 2013 librales
1200 1960 1333 2013 offas
1389 1963 1442 2011 et
1490 1959 1603 2010 111111
1655 1961 1826 2010 sexta-

145 2038 255 2089 rios
305 2037 546 2107 singulos
597 2055 762 2089 cornu
809 2035 1122 2088 infundente
1169 2053 1265 2102 per
1312 2033 1516 2085 fauces:
1565 2051 1700 2101 quae
1740 2050 1825 2083 res

146 2113 291 2163 intra
339 2111 577 2162 triduum
625 2109 796 2163 totius
845 2109 1102 2161 saeuitiae
1150 2108 1287 2160 iram
1331 2107 1581 2160 resoluet.
1660 2105 1828 2174 aliqui

146 2204 238 2238 eos
269 2185 413 2237 inter
446 2203 501 2237 se
533 2185 767 2254 iungunt
801 2202 861 2236 ac
893 2184 1086 2237 docent
1119 2201 1282 2235 onera
1306 2184 1574 2251 temptare
1598 2181 1826 2232 leuiora:

269 2351 286 2387 1
330 2343 526 2387 BORVS
567 2345 636 2399 E,
684 2343 764 2386 DE
812 2342 1078 2386 DOMIBVS
1125 2342 1322 2385 BVBVS
1369 2343 1420 2396 V,
1467 2342 1535 2384 De
1581 2337 1826 2383 domandis

148 2404 298 2447 bobus
323 2406 412 2447 iac
435 2405 448 2459 ΙΙ
474 2409 498 2446 3
525 2403 605 2459 qui
622 2404 672 2447 E
693 2406 707 2460 ΙΙ
731 2408 757 2446 4
784 2401 937 2459 Capiti
961 2402 1012 2455 V,
1039 2401 1202 2458 Capite
1221 2417 1256 2457 p
1279 2404 1292 2456 ΙΙ
1319 2407 1342 2444 6
1372 2401 1490 2444 adde
1507 2398 1736 2443 tractione
1754 2400 1797 2442 L
1818 2399 1823 2457 Ι

148 2464 479 2506 mansuescunt
510 2463 601 2506 SE
644 2465 658 2519 ΙΙ
705 2468 730 2505 8
763 2462 867 2505 loca
899 2475 979 2505 om.
1001 2476 1036 2517 p
1079 2462 1083 2517 Ι
1125 2460 1243 2504 1111111
1278 2460 1421 2516 PLQ
1466 2462 1479 2516 ΙΙ
1527 2465 1551 2502 9
1584 2458 1715 2501 nulla
1746 2458 1825 2501 vit.

149 2521 223 2565 off.
257 2523 275 2565 i
313 2524 327 2577 ΙΙ
369 2527 418 2564 11
453 2521 661 2578 ligantur
692 2523 710 2565 i
749 2524 763 2577 ΙΙ
805 2526 858 2563 13
892 2534 1010 2576 quae
1045 2521 1086 2564 G
1126 2523 1139 2577 ΙΙ
1181 2526 1234 2563 14
1269 2518 1526 2575 adsperitas
1560 2519 1605 2561 P
1640 2521 1653 2573 ΙΙ
1695 2523 1748 2561 16
1782 2519 1828 2560 et

149 2582 277 2626 omi
315 2583 329 2637 ΙΙ
369 2585 421 2623 17
455 2581 681 2624 bubulcos
714 2581 756 2623 L
796 2583 809 2636 ΙΙ
852 2585 903 2623 18
935 2593 1069 2622 nares
1101 2595 1122 2624 s
1161 2582 1174 2635 ΙΙ
1210 2584 1261 2622 19
1297 2579 1602 2635 conspergent
1634 2578 1688 2631 P,
1722 2590 1826 2619 con-

150 2654 373 2697 spargens
406 2641 424 2682 i
466 2641 470 2696 Ι
515 2640 696 2695 actione
722 2654 809 2695 pro
842 2638 1056 2682 cautione
1082 2655 1118 2694 p
1160 2641 1166 2695 Ι
1207 2638 1380 2682 calcem
1411 2639 1457 2680 P
1499 2640 1513 2693 ΙΙ
1560 2641 1615 2679 20
1649 2635 1828 2679 contin-

151 2701 267 2756 guat
298 2700 348 2742 E
384 2701 398 2755 ΙΙ
437 2703 489 2741 21
527 2698 791 2742 effectiuum
823 2700 841 2741 τ’
883 2700 888 2754 Ι
932 2698 1127 2741 senserit
1159 2712 1239 2742 om.
1267 2698 1317 2740 Ε
1351 2699 1365 2752 ΙΙ
1406 2701 1459 2739 22
1491 2695 1737 2752 palathum
1771 2695 1826 2749 G,

149 2758 382 2815 palatium
406 2758 455 2800 E
481 2760 487 2813 Ι
514 2757 704 2801 fricabis
737 2760 792 2801 ia
821 2762 825 2811 Ι
853 2757 1063 2814 linguam
1087 2757 1137 2800 E
1162 2758 1166 2815 Ι
1197 2755 1380 2799 dimitte
1407 2756 1500 2798 PL
1518 2754 1712 2798 VGSE
1723 2755 1764 2797 T
1768 2754 1827 2807 F,

153 2816 352 2860 dimittit
395 2817 432 2874 Q
478 2819 492 2873 ΙΙ
539 2821 593 2859 23
633 2816 816 2873 presule
848 2817 915 2871 E,
962 2815 1192 2872 praesulsi
1232 2817 1356 2872 iacy
1406 2818 1411 2870 Ι
1460 2813 1727 2870 praesulsae
1769 2813 1828 2856 ad

151 2875 347 2920 librares
374 2891 429 2933 p,
476 2875 648 2919 librare
682 2877 748 2932 E,
788 2875 966 2918 libriles
1002 2876 1042 2920 G
1081 2878 1095 2931 ΙΙ
1135 2880 1189 2918 25
1232 2874 1389 2918 seuiae
1422 2874 1464 2917 L
1502 2875 1516 2929 ΙΙ
1563 2878 1618 2916 26
1660 2873 1830 2916 docent

152 2947 230 2979 eos
256 2950 292 2992 p
