2072 3145
699 126 894 172 Aemo.
920 127 984 170 m
1008 132 1182 171 25—26
1670 129 1773 182 109

99 268 259 319 quam
297 248 470 318 longi,
511 252 695 301 uentre
736 252 789 300 et
830 248 1078 301 clunibus
1119 249 1355 319 magnis,
1395 253 1574 302 rostro
1609 250 1775 317 breui,

99 324 302 377 ceruice
337 322 606 392 glandulis
641 322 829 391 spissa,
867 321 1160 391 libidinosi,
1198 324 1446 392 anniculi,
1481 324 1573 392 qui
1605 342 1775 392 usque

99 398 165 450 ad
220 396 528 465 quadrimos
584 396 719 448 inire
768 395 997 448 feminas
1056 399 1299 464 possunt.
1390 397 1591 450 scrofas
1647 416 1775 450 uero

97 470 249 541 longi
295 471 480 522 lateris
528 471 782 522 debemus
831 470 1029 539 eligere
1075 474 1130 522 et
1171 471 1366 539 quibus
1408 472 1473 523 ad
1515 472 1777 524 sustinen-

57 567 76 597 5
102 547 228 598 dum
275 544 480 596 feturae
523 562 655 596 onus
698 561 925 612 magnus
967 562 1022 596 se
1061 548 1251 597 uenter
1291 546 1550 613 effundat,
1598 549 1777 598 cetera

99 619 345 672 uerribus
395 618 622 686 similes,
670 618 761 670 sed
807 619 864 669 in
909 618 1222 687 regionibus
1269 618 1482 688 frigidis
1531 619 1682 672 densi
1723 623 1777 671 et
1818 621 1850 673 2

99 692 244 762 nigri
266 691 379 761 pili,
411 692 464 743 in
487 692 699 760 tepidis,
733 692 1148 760 qualescumque
1174 693 1537 760 prouenerint.
1577 692 1779 746 femina

103 767 168 819 ad
224 766 509 818 creandum
564 784 733 834 usque
788 767 845 817 in
899 785 1067 818 annos
1125 770 1331 835 septem
1381 770 1568 835 partus
1618 786 1780 819 onera

103 844 315 910 gestare
357 839 610 892 sufficiet:
658 840 724 892 ad
773 840 1179 908 concipiendum
1220 841 1468 893 annicula
1508 841 1666 893 debet
1704 842 1781 893 in-

37 936 79 966 10
104 915 295 983 cipere.
375 917 566 982 quarto
615 918 864 982 exempto
914 933 1095 966 mense
1134 915 1376 982 pariunt,
1424 915 1518 967 ubi
1559 915 1779 983 quintus

103 987 308 1057 incipit.
385 987 651 1056 incipiunt
692 992 888 1055 autem,
932 987 1071 1040 sicut
1109 989 1233 1057 dixi,
1274 1007 1454 1041 mense
1495 988 1781 1057 februario,

103 1066 166 1114 ut
206 1061 550 1114 solidioribus
589 1061 772 1114 herbis
812 1062 927 1114 nati
969 1065 1023 1114 et
1063 1062 1265 1130 stipula
1305 1063 1620 1116 succedente
1660 1082 1782 1132 pas-

107 1140 308 1190 cantur.
400 1136 494 1187 ubi
547 1135 777 1188 facultas
834 1140 916 1188 est
968 1135 1324 1206 transigendi,
1378 1137 1635 1206 uenditiS,
1692 1137 1784 1206 qui

108 1210 332 1263 subinde
372 1210 488 1261 nati
529 1214 670 1277 sunt,
710 1210 932 1262 celerior
973 1211 1237 1263 matribus
1277 1211 1454 1263 fetura
1484 1215 1780 1279 reparatur.

40 1305 82 1336 15
107 1302 276 1354 genus
316 1283 419 1336 hoc
460 1284 706 1336 omnibus
746 1283 878 1336 locis
918 1283 1105 1336 haberi
1143 1288 1338 1353 potest,
1378 1285 1569 1337 melius
1602 1289 1784 1338 tamen
1825 1287 1856 1339 3

109 1358 254 1428 agris
294 1357 629 1426 palustribus
671 1376 833 1426 quam
873 1358 1044 1426 sicciS,
1082 1360 1366 1427 praecipue
1400 1359 1492 1411 ubi
1531 1359 1785 1412 arborum

108 1432 508 1484 fructuosarum
564 1431 702 1483 silua
758 1432 1026 1500 subpetit,
1090 1451 1223 1501 quae
1280 1433 1503 1485 subinde
1559 1434 1785 1486 maturis

108 1506 374 1558 fructibus
439 1505 645 1558 alterna
704 1524 800 1574 per
863 1525 1062 1557 annum
1125 1508 1425 1559 mutatione
1493 1511 1785 1560 succurrat.

111 1581 340 1632 maxime
379 1579 510 1632 locis
548 1581 871 1649 graminosis
906 1583 960 1632 et
993 1598 1281 1633 cannarum
1315 1581 1402 1633 uel
1433 1582 1577 1634 iunci
1610 1581 1786 1634 radice

40 1674 81 1707 20
104 1654 434 1706 nutriuntur.
514 1655 605 1706 sed
654 1654 1027 1706 deficientibus
1081 1655 1352 1707 alimentis
1408 1673 1503 1723 per
1553 1655 1787 1708 hiemem

103 1746 509 1796 nonnumquam
555 1729 861 1796 praebenda
909 1731 1034 1780 sunt
1079 1729 1280 1797 pabula
1327 1729 1561 1799 glandiS,
1618 1733 1788 1782 casta-

105 1820 234 1854 neae
282 1802 370 1854 uel
417 1802 637 1871 frugum
685 1802 817 1853 uilia
864 1807 1204 1854 excrementa
1252 1806 1571 1855 ceterarum:
1619 1822 1786 1856 uerno

108 1875 297 1945 magiS,
331 1894 452 1928 cum
484 1877 689 1928 lactent
721 1877 938 1928 nouella
967 1875 1215 1945 uirentia,
1249 1895 1383 1945 quae
1407 1877 1586 1945 porcis
1613 1878 1789 1929 solent

106 1967 313 2002 nocere.
376 1968 548 2018 neque
590 1949 861 2019 gregatim
902 1950 1223 2002 claudendae
1258 1954 1384 2003 sunt
1415 1969 1608 2018 porcae
1641 1969 1787 2004 more
1828 1954 1864 2006 4

42 2044 84 2077 25
110 2023 338 2075 aliarum
376 2024 656 2092 pecudum,
701 2024 792 2075 sed
832 2024 990 2076 haras
1032 2025 1130 2076 sub
1172 2024 1474 2093 porticibus
1516 2025 1790 2095 faciemUS,

110 2097 303 2166 quibus
346 2101 520 2149 mater
559 2115 909 2166 unaquaeque
946 2098 1226 2150 claudatur
1267 2102 1320 2150 et
1361 2099 1638 2151 alumnum
1672 2117 1791 2168 gre-

110 2189 233 2241 gem
288 2172 460 2223 tutior
515 2171 635 2240 ipsa
682 2171 933 2224 defendat
988 2191 1017 2224 a
1065 2171 1290 2242 frigore:
1364 2191 1497 2241 quae
1548 2173 1711 2225 harae
1762 2192 1792 2225 a

111 2245 375 2313 superiori
405 2248 558 2313 parte
594 2246 836 2298 detectae
863 2246 985 2314 sint,
1018 2250 1080 2297 ut
1104 2247 1272 2299 libere
1299 2266 1580 2299 numerum
1604 2252 1792 2315 pastor

111 2318 353 2387 exploret
393 2323 448 2371 et
489 2320 761 2388 oppressis
799 2338 829 2371 a
870 2323 1040 2372 matre
1081 2320 1282 2373 fetibus
1316 2339 1473 2390 saepe
1507 2321 1792 2373 subueniat

234 2513 255 2550 1
291 2507 500 2550 cruribus
525 2509 543 2551 i
566 2511 580 2564 ΙΙ
606 2513 630 2551 2
663 2508 904 2565 grandulis
930 2510 984 2564 P,
1019 2510 1272 2566 grandulas
1303 2513 1349 2554 et
1377 2511 1426 2567 Q,
1457 2510 1707 2566 glandibus
1735 2511 1792 2565 F,

114 2566 346 2624 grandula
378 2569 424 2609 et
455 2569 510 2623 ill
550 2572 574 2610 3
608 2568 903 2622 quadrimum
934 2570 983 2611 E
1004 2571 1017 2625 ΙΙ
1057 2574 1084 2611 4
1118 2571 1312 2624 etusque
1346 2571 1406 2613 ad
1438 2571 1487 2613 E
1508 2572 1522 2626 Η
1564 2575 1586 2612 7
1621 2569 1794 2624 qualis-

116 2639 311 2681 cumque
343 2627 386 2669 L
429 2629 434 2681 1
484 2626 707 2669 feminam
740 2628 789 2670 F
830 2630 843 2683 Η
890 2632 915 2671 8
959 2629 1017 2671 ad
1051 2629 1301 2671 creandum
1332 2630 1436 2673 incl.
1464 2644 1485 2672 s
1531 2631 1544 2684 ΙΙ
1593 2633 1647 2671 10
1681 2643 1794 2683 qua-

114 2688 220 2728 tuor
238 2685 287 2727 E
313 2686 317 2740 Ι
347 2687 557 2741 exempte
579 2686 620 2729 G
648 2688 652 2742 Ι
680 2700 836 2729 mense
855 2701 935 2730 om.
955 2688 1004 2730 E
1025 2690 1039 2743 ΙΙ
1066 2693 1117 2730 11
1143 2687 1339 2744 incipiet
1362 2703 1510 2732 omnes
1533 2691 1547 2744 ΙΙ
1574 2693 1626 2730 13
1645 2690 1794 2731 trans-

118 2743 300 2800 sigendi
334 2744 383 2797 V,
417 2744 677 2788 transiendi
711 2746 873 2801 PLQ,
906 2746 1181 2789 transeundi
1213 2748 1285 2790 Fi
1307 2750 1321 2803 Η
1354 2752 1409 2790 14
1440 2747 1683 2803 proueniet
1708 2761 1794 2803 pro

117 2805 360 2858 reparatur
384 2818 420 2858 1)
453 2806 466 2859 ΙΙ
499 2808 552 2846 23
588 2804 852 2848 conlactent
883 2806 927 2849 L
957 2808 971 2861 Η
1005 2811 1060 2848 24
1093 2806 1277 2862 gregati
1313 2806 1349 2862 Q
1380 2809 1393 2862 ΙΙ
1426 2812 1480 2849 25
1515 2819 1618 2848 aras
1653 2807 1796 2863 PLQ

126 2861 274 2916 VSG,
316 2874 445 2905 areas
478 2863 528 2905 E
571 2864 584 2917 Η
632 2867 686 2906 27
726 2863 828 2920 ipsa
861 2878 942 2908 om.
969 2865 1018 2907 E
1066 2868 1071 2921 1
1124 2879 1230 2908 arae
1264 2865 1516 2921 PLQVS,
1560 2879 1586 2908 a
1625 2878 1672 2908 re
1710 2865 1752 2909 G
1782 2866 1796 2923 ξ’

122 2925 175 2963 29
210 2935 237 2963 a
267 2923 414 2964 matre
448 2935 527 2965 om.
559 2922 600 2965 G
