2014 3169
211 140 318 193 202
913 137 1196 182 PALLADH

210 261 436 314 inarare.
493 261 686 312 melius
719 263 904 312 tamen
937 259 1186 311 omnibus
1221 259 1470 311 remediis
1505 259 1623 328 erit,
1656 259 1703 311 si
1736 277 1896 329 aqua—

211 336 322 388 rius
358 335 537 387 sulcus
568 335 792 386 noxium
824 334 1052 386 deducat
1083 351 1341 386 umorem.
1385 333 1442 384 in
1466 333 1751 386 mediocris
1777 333 1896 403 agri

210 410 397 478 iugero
449 409 684 477 quinque
730 408 901 461 tritici
944 407 1151 460 modios
1194 411 1246 459 et
1287 407 1468 459 adorei
1508 407 1734 460 totidem
1775 425 1895 460 con-

213 501 466 535 seremuS.
550 501 677 534 nam
741 486 999 552 quattuor
1064 499 1192 550 ager
1245 480 1463 551 pinguis
1519 481 1762 550 accipiat.
1849 482 1895 533 si

210 558 474 626 modium⁷
524 575 629 625 quo
679 560 910 625 seretur,
957 556 1197 624 hyaenae
1245 555 1385 624 pelle
1432 555 1683 608 uestieris
1724 557 1778 608 et
1817 555 1895 608 ibi
1942 577 1961 609 5

211 631 567 701 aliquamdiU‚
623 630 766 700 quod
816 630 1099 682 serendum
1148 633 1253 697 est,
1310 648 1424 681 esse
1472 629 1722 698 patiaris,
1775 633 1894 682 sata

136 707 170 758 2
210 705 344 758 bene
392 704 677 773 prouenire
731 704 1032 756 firmantur.
1109 704 1267 773 item,
1322 704 1577 771 quoniam
1634 703 1894 771 quaedam

211 779 466 832 animalia
514 781 866 831 subterranea
915 779 1075 831 sectis
1117 778 1388 830 radicibus
1428 780 1624 830 necant
1663 777 1894 846 plerum-

210 871 312 922 que
359 853 653 922 frumenta‚
703 856 892 906 contra
937 853 1040 905 hoc
1084 852 1348 921 proderit,
1398 852 1444 903 si
1489 851 1710 920 herbae,
1759 869 1893 920 quae
1939 905 1946 909 ,

207 928 396 980 sedum
444 927 663 996 dicitur,
714 946 870 979 sucus
921 945 1089 995 aquae
1133 926 1335 978 mixtus
1376 944 1483 977 una
1521 928 1679 978 nocte
1719 926 1893 977 made-
1920 947 1961 978 10

210 1002 389 1069 faciat,
431 1020 565 1070 quae
607 1001 910 1071 spargenda
951 1004 1090 1068 sunt,
1133 1000 1357 1052 semina:
1403 999 1491 1052 uel
1532 999 1763 1069 agrestis
1805 1018 1895 1052 cu-

210 1076 440 1128 cumeris
489 1094 646 1129 umor
693 1093 976 1144 expressus
1027 1078 1080 1127 et
1121 1074 1233 1126 eius
1275 1074 1426 1127 radix
1466 1073 1622 1141 trita,
1670 1074 1716 1125 si
1756 1092 1895 1142 aqua

209 1150 445 1202 diluatur
501 1153 554 1203 et
608 1150 818 1216 eodem,
883 1167 1016 1219 quae
1075 1149 1299 1201 serenda
1354 1151 1501 1216 sunt,
1558 1116 1895 1200 macerentur

207 1243 408 1277 umore.
489 1224 658 1293 aliqui
713 1224 808 1276 ubi
853 1224 956 1276 hoc
1005 1226 1214 1293 segetes
1263 1241 1386 1275 suas
1434 1221 1670 1291 perferre
1720 1239 1894 1274 sense-

207 1303 356 1368 runt,
404 1299 547 1351 inter
593 1298 751 1350 initia
798 1298 1059 1350 uitiorum
1105 1297 1314 1349 insulsa
1361 1314 1578 1349 amurca
1617 1296 1704 1348 uel
1744 1314 1893 1365 prae·
1920 1316 1960 1348 15

208 1373 351 1425 dicta
393 1391 532 1441 aqua
573 1373 750 1425 sulcos
793 1376 847 1424 et
888 1376 1040 1424 arata
1079 1371 1422 1440 perfundunt.

362 1566 461 1618 DE
505 1563 850 1618 SERENDO
891 1561 1196 1616 HORDEO
1240 1560 1739 1615 CANTHERINO.

116 1669 226 1722 IIII
348 1669 507 1723 Nunc
556 1668 748 1738 gracili
796 1668 911 1720 solo
959 1667 1222 1720 hordeum
1271 1667 1468 1719 seritur
1516 1666 1892 1719 cantherinum

207 1745 401 1797 modiis
452 1743 686 1812 quinque
735 1761 829 1810 per
868 1743 1132 1811 iugerum.
1211 1745 1336 1809 post
1375 1741 1477 1793 hoc
1518 1758 1687 1810 genus
1729 1758 1890 1811 agros

207 1837 416 1871 cessare
457 1818 680 1886 patieris
692 1860 705 1885 ,
744 1816 849 1868 nisi
890 1816 1030 1868 forte
1071 1816 1342 1868 laetamen
1383 1833 1652 1885 aspergas.
1919 1837 1960 1867 20

636 2010 734 2062 DE
775 2009 1052 2062 LVPINO
1099 2007 1461 2061 SERENDO.

115 2112 167 2167 V
328 2114 485 2167 Nunc
532 2115 619 2166 uel
672 2114 936 2166 maturius
988 2114 1265 2181 aliquanto
1314 2112 1532 2180 lupinus
1583 2111 1780 2162 seritur
1835 2111 1892 2162 in

209 2189 588 2258 qualicumque
637 2192 782 2240 terra
830 2189 916 2240 uel
967 2188 1128 2240 crudo
1170 2187 1308 2239 solo:
1366 2185 1451 2238 cui
1490 2185 1592 2237 hoc
1633 2185 1890 2253 proderit,

207 2267 269 2315 ut
303 2267 526 2332 seratur,
560 2266 847 2332 antequam
881 2262 1055 2331 frigus
1088 2261 1330 2329 incipiat.
1387 2260 1581 2311 limoso
1617 2275 1748 2328 agro
1781 2276 1891 2311 non

205 2338 466 2390 nascitur:
501 2341 703 2391 cretam
736 2336 1066 2404 reformidat,
1101 2338 1248 2387 amat
1281 2334 1474 2386 exilem
1501 2336 1702 2384 terram
1729 2335 1889 2401 atque
1917 2354 1959 2386 25

204 2412 493 2464 rubricam.
571 2412 754 2464 decem
794 2411 988 2463 modiis
1030 2409 1203 2478 iugeri
1244 2426 1494 2460 mensura
1535 2407 1830 2476 conpletur.

324 2592 348 2629 3
384 2590 431 2630 et
463 2587 591 2629 ordei
625 2587 691 2641 E,
727 2600 808 2629 om.
833 2600 866 2640 p
905 2588 917 2640 Η
960 2591 986 2627 4
1022 2598 1137 2641 ager
1164 2584 1268 2627 mcxl
1307 2597 1427 2639 095·
1425 2585 1427 2613 ³
1459 2581 1658 2638 accipiet
1690 2595 1845 2639 101093
1875 2582 1889 2637 Η

205 2651 228 2688 5
263 2646 451 2689 1110(111111
487 2646 535 2688 F
574 2649 578 2702 Ι
622 2660 712 2700 quo
755 2647 932 2688 501·εὴ111
969 2658 1050 2688 om
1073 2659 1107 2699 1)
1150 2645 1155 2698 Ι
1199 2630 1465 2685 conseretur
1498 2642 1556 2696 F,
1598 2640 1766 2684 seritur
1797 2641 1847 2683 E
1881 2643 1885 2695 Ι

203 2705 370 2748 hienae
401 2706 442 2749 G
451 2705 495 2760 S,
522 2705 671 2761 hyene
704 2706 743 2748 T
762 2707 776 2760 ΙΙ
802 2710 826 2747 6
853 2702 1045 2760 patieris
1072 2705 1194 2760 incy
1218 2705 1231 2758 Η
1259 2705 1281 2743 7
1309 2715 1446 2767 quem
1464 2715 1552 2756 pro
1577 2699 1798 2764 quoniam
1817 2714 1852 2756 p
1875 2700 1890 2757 Η

205 2769 228 2805 9
279 2765 393 2807 haec
436 2780 564 2821 (1095·
611 2767 623 2819 Η
673 2770 726 2806 14
775 2764 889 2806 haec
930 2778 1056 2819 (1095·
1107 2765 1111 2817 Ι
1164 2760 1391 2804 senserint
1432 2775 1558 2817 (1093
1604 2762 1618 2815 Η
1667 2763 1720 2802 15
1767 2757 1889 2802 inter

205 2837 286 2866 om.
315 2825 364 2866 E
390 2828 393 2878 Ι
425 2838 617 2879 amurga
652 2825 695 2866 P
716 2826 729 2878 ΙΙ
758 2828 809 2865 16
846 2825 974 2864 areta
1001 2823 1057 2875 κ’,
1094 2824 1250 2864 aratra
1283 2820 1584 2875 VSTGz‘cq,
1621 2819 1773 2861 aratro
1804 2818 1878 2873 ΕΙ

206 2887 258 2924 17
301 2882 651 2925 CANTERINO
694 2880 989 2937 (canterino)
1026 2882 1150 2924 codd.
1207 2883 1220 2936 Η
1278 2884 1329 2922 18
1373 2878 1661 2921 canterinum
1701 2877 1824 2920 codd.
1873 2877 1878 2934 Ι

205 2946 258 2983 19
283 2942 433 2984 modis
471 2943 511 2985 G
559 2945 572 2998 Η
620 2947 673 2984 ‘22
709 2940 961 2996 aliquando
996 2941 1044 2982 ]
1080 2943 1093 2995 ΙΙ
1134 2944 1187 2982 26
1222 2937 1439 2994 conpleta
1473 2939 1535 2992 L,
1570 2935 1839 2992 implebitur
1870 2937 1889 2979 i
