2072 3145
723 100 918 145 AGRIC.
944 101 1008 143 HI
1034 105 1205 143 16—17
1735 98 1805 149 87

124 227 255 298 gitis
296 244 458 294 supra
496 224 673 276 lutum
711 223 886 292 possit
927 221 1171 274 surculus
1206 221 1453 273 eminere.
1515 220 1804 288 plerosque

124 301 356 353 delectat
404 298 654 350 strictum
699 298 874 366 primo
924 299 1100 348 sectae
1149 295 1357 346 arboris
1398 297 1650 346 truncum
1689 294 1805 345 uin-

125 373 257 427 culis
307 372 597 425 artioribus
645 372 702 422 in
748 370 924 422 medio
972 369 1171 421 findere
1222 372 1276 421 et
1322 369 1400 420 ibi
1449 368 1692 420 surculos
1740 386 1804 419 ex

127 452 350 515 utraque
397 450 549 514 parte
598 464 748 497 rasos
797 445 854 495 in
894 444 1112 495 modum
1153 443 1329 511 cunei,
1374 446 1435 494 ut
1477 442 1690 510 integra
1731 441 1804 493 sit

84 543 105 575 5
131 521 374 589 medulla,
415 521 722 589 demergere
763 518 1059 587 praemisso
1101 521 1223 568 ante
1258 517 1497 584 cuneolO,
1538 533 1642 583 quo
1681 516 1804 567 sub-

129 596 284 648 ducto
327 595 602 662 depositus
643 593 886 645 surculus
926 591 1179 643 redeunte
1219 591 1277 642 in
1315 591 1536 659 plagam
1573 589 1803 641 materia

127 669 300 737 possit
340 667 584 737 astringi.
648 667 740 718 sed
777 667 880 718 hoc
920 669 1208 733 utrumque
1250 682 1420 733 genus
1460 682 1687 715 uernum
1720 666 1802 715 est
1841 665 1879 716 4

127 747 183 795 et
218 744 281 794 fit
320 746 590 795 crescente
623 741 766 808 luna,
805 740 898 792 ubi
930 739 1123 807 incipit
1156 739 1411 790 arborum
1444 755 1657 807 gemma
1689 740 1799 789 tur-

127 834 354 885 gescere.
405 815 606 868 surculi
631 819 827 883 autem,
861 814 953 882 qui
981 812 1251 865 inserendi
1277 815 1416 880 sunt,
1451 812 1560 863 sint
1584 811 1804 878 noueUi,

58 891 352 957 10fertiles⁷
405 889 616 957 nodosi7
672 890 734 940 de
788 906 930 940 nouo
977 887 1113 954 nati,
1170 887 1235 938 ab
1291 885 1540 938 orientali
1596 885 1805 937 arboris

124 968 276 1033 parte
325 964 511 1030 decisi,
559 963 912 1015 crassitudine
963 962 1122 1031 digiti
1169 960 1416 1027 minoris,
1471 959 1668 1011 bifurci
1716 959 1803 1011 uel

125 1038 350 1103 trifurci,
384 1037 609 1107 gemmis
639 1036 885 1106 pluribus
911 1035 1136 1087 uberati.
1193 1035 1239 1086 si
1266 1035 1513 1086 arborem
1539 1032 1801 1085 minorem
1842 1033 1879 1087 5

125 1113 452 1164 desiderabis
508 1112 764 1176 inserere,
820 1111 876 1161 in
925 1128 1028 1178 qua
1077 1109 1190 1161 sine
1243 1109 1404 1160 dubio
1455 1108 1681 1159 meliora
1727 1107 1805 1158 in-

125 1190 397 1238 crementa
450 1186 796 1253 proueniunt,
853 1184 994 1236 circa
1049 1187 1248 1234 terram
1302 1185 1502 1234 secato:
1559 1185 1612 1233 et
1663 1181 1806 1249 quod

58 1281 99 1313 15
125 1260 316 1311 melius
360 1263 456 1327 est,
496 1258 737 1311 surculos
772 1259 913 1309 inter
945 1258 1155 1326 lignum
1189 1255 1547 1323 corticemque
1582 1256 1803 1323 depone,

124 1338 253 1386 tunc
294 1334 514 1402 stringe.
579 1332 796 1401 quidam
836 1351 1018 1383 rasum
1059 1350 1122 1382 ex
1162 1335 1389 1398 utraque
1429 1333 1582 1397 parte
1625 1348 1810 1381 surcu-

125 1409 239 1459 lum
279 1407 688 1459 conuenientem
730 1406 992 1458 soliditati
1034 1405 1243 1456 arboris
1283 1404 1588 1455 inferendae
1631 1404 1706 1456 sic
1746 1403 1806 1455 in

124 1482 299 1533 medio
358 1481 631 1548 deponunt
644 1524 656 1548 7
711 1484 772 1531 ut
828 1483 1013 1532 cortex
1069 1478 1268 1531 surculi
1322 1477 1555 1545 undique
1613 1477 1806 1529 cortici

125 1555 333 1608 arboris
375 1555 628 1607 reddatur
661 1554 916 1623 aequalis.
976 1553 1069 1605 sed
1102 1554 1157 1604 in
1188 1552 1403 1604 nouella
1437 1553 1627 1603 arbore
1659 1555 1805 1603 terra

55 1652 100 1683 20
125 1633 272 1682 mota
318 1647 485 1697 usque
535 1629 600 1680 ad
647 1630 826 1697 ipsum
873 1628 1097 1679 insitum
1147 1626 1455 1695 colligatur:
1505 1644 1640 1694 quae
1685 1644 1805 1677 eam

123 1722 208 1756 res
249 1722 280 1755 a
314 1707 478 1755 uento
513 1706 567 1754 et
601 1704 775 1754 calore
810 1702 1072 1754 defendet.
1135 1701 1269 1752 mihi
1302 1700 1538 1751 adseruit
1571 1700 1801 1768 diligens
1843 1701 1877 1752 6

124 1778 364 1847 agricola
413 1795 567 1828 omne
615 1777 839 1828 insitum
888 1776 999 1827 sine
1049 1775 1210 1826 dubio
1257 1774 1708 1841 conprehendere,
1757 1774 1804 1826 si

125 1851 386 1920 depositis
444 1851 670 1902 surculis
726 1852 937 1901 uiscum
989 1867 1099 1900 non
1153 1852 1514 1916 temperatum
1569 1848 1626 1899 in
1683 1848 1804 1915 ipsa

124 1926 285 1994 plaga
332 1925 537 1992 pariter
577 1942 884 1993 mergamus
927 1923 1080 1990 quasi
1120 1923 1330 1991 glutino
1374 1922 1602 1988 quodam
1646 1939 1802 1973 sucos

56 2021 99 2053 25
125 1999 384 2051 materiae
431 1998 710 2066 utriusque
759 1998 1066 2049 mixtur-um.
1145 1996 1206 2048 de
1247 1995 1662 2063 inplastratione
1705 2014 1802 2047 suo

126 2091 306 2125 mense
364 2073 614 2124 dicemus.
693 2076 943 2140 quartum
1001 2089 1169 2140 genus
1221 2069 1520 2122 Columella
1575 2070 1650 2121 sic
1699 2073 1805 2120 ret-

123 2147 264 2198 tulit.
323 2146 518 2216 gallica
549 2147 764 2198 terebra
795 2163 963 2213 usque
998 2145 1061 2196 ad
1094 2145 1385 2196 medullam
1415 2145 1663 2195 arborem
1688 2163 1807 2211 per-
1847 2145 1879 2196 7

124 2221 406 2273 forandam
449 2221 611 2289 plaga
650 2220 877 2271 interius
918 2219 1112 2270 leuiter
1151 2219 1423 2270 inclinata.
1492 2218 1570 2268 ibi
1611 2219 1802 2270 educto

247 2371 268 2408 1
304 2378 440 2421 super
472 2380 501 2407 α
539 2367 552 2420 Η
592 2370 616 2407 3
651 2363 895 2406 altioribus
932 2364 1049 2419 QFz'
1094 2366 1108 2420 Η
1154 2369 1181 2405 4
1212 2362 1382 2406 recisos
1410 2378 1444 2417 p
1483 2364 1496 2417 Η
1545 2361 1684 2417 5qui
1715 2363 1766 2404 E
1792 2362 1809 2420 Η

126 2430 152 2467 6
187 2423 422 2480 depositos
455 2425 498 2467 L
526 2426 530 2479 Ι
559 2424 701 2479 plaga
733 2424 782 2466 E
808 2426 811 2480 ς
840 2423 1086 2466 materiam
1116 2424 1166 2465 E
1194 2425 1207 2478 Η
1248 2427 1271 2464 7
1307 2421 1507 2478 extringi
1539 2422 1630 2465 SE
1670 2422 1675 2477 Ι
1719 2421 1809 2464 hoc

127 2498 208 2527 om.
240 2484 277 2540 Q
305 2486 309 2539 1
338 2483 459 2526 ueris
489 2483 531 2526 G
554 2486 567 2538 ΙΙ
592 2488 616 2526 8
651 2482 837 2537 quando
860 2497 944 2537 pro
969 2482 1051 2525 ubi
1070 2497 1104 2537 p
1132 2484 1137 2538 Ι
1166 2495 1350 2538 gemma
1375 2480 1591 2523 arborum
1615 2481 1770 2537 Q'acys

126 2543 414 2599 germinatur
446 2542 495 2584 F
521 2544 535 2598 Η
562 2547 614 2584 10
650 2542 799 2584 denuo
832 2542 882 2584 E
903 2544 916 2597 ΙΙ
944 2546 994 2583 11
1030 2540 1172 2584 excisi
1204 2541 1253 2583 E
1279 2543 1283 2595 1
1312 2539 1501 2582 minoris
1538 2538 1680 2582 excisi
1714 2540 1764 2581 Ε

126 2602 203 2645 uel
233 2601 414 2644 trifurci
447 2615 528 2644 om.
555 2602 605 2644 E
633 2603 646 2656 ΙΙ
688 2606 740 2642 1-3
774 2600 980 2643 ubertati
1011 2601 1061 2643 E
1090 2603 1103 2656 ΙΙ
1146 2605 1198 2642 16
1233 2599 1421 2654 quidem
1453 2600 1496 2640 V
1524 2601 1614 2654 (em
1646 2599 1698 2640 in
1728 2613 1806 2641 ra-

126 2663 256 2715 sura)
302 2663 316 2716 Η
365 2666 416 2702 17
452 2659 690 2702 soliditate
723 2661 773 2713 V,
808 2659 1037 2702 solidatae
1069 2660 1119 2702 E
1163 2661 1176 2715 ΙΙ
1224 2664 1278 2701 -20
1322 2657 1708 2714 colligatumque3
1752 2671 1809 2701 ea

128 2733 199 2763 res
232 2721 282 2762 E
303 2722 316 2775 ΙΙ
341 2724 393 2761 21
430 2719 651 2771 defendat
683 2719 752 2761 Li
776 2722 788 2774 ΙΙ
815 2724 869 2761 24
900 2718 1141 2761 mittamus
1175 2718 1224 2760 E
1249 2720 1253 2773 Ι
1283 2732 1418 2760 sucus
1452 2717 1497 2770 S,
1531 2730 1692 2759 succus
1722 2717 1773 2759 Ε
1792 2716 1809 2775 Η

129 2783 184 2821 25
218 2777 630 2834 demplastratione
664 2778 872 2834 PLQT,
914 2778 992 2820 DE
1025 2776 1396 2833 implastratione
1430 2776 1465 2818 S
1474 2777 1508 2831 i,
1549 2775 1616 2818 De
1656 2775 1808 2831 inpla-

128 2837 356 2939 stratiionec
403 2837 524 2939 GGE,
571 2837 639 2880 De
688 2837 1066 2893 emplastratione
1114 2837 1243 2880 ceteri
1288 2838 1301 2891 Ιὶ
1358 2840 1411 2878 ‘26
1460 2848 1650 2889 quarum
1707 2835 1748 2878 G
1793 2835 1810 2893 Η

128 2902 184 2940 28
219 2910 241 2939 e
278 2910 334 2939 uc
361 2910 387 2938 a
