2014 3169
227 160 297 211 92
927 159 1209 202 PALLADH

226 285 288 334 ut
330 279 630 333 Columella
677 279 828 347 dicit⁷
878 280 1166 332 feraciores
1215 283 1363 346 sunt,
1415 298 1549 348 quae
1599 279 1911 349 seminibus,

226 356 329 408 hoc
363 358 460 423 est,
491 355 718 406 nucibus
754 355 878 421 31113,
915 373 1075 423 quam
1110 372 1244 422 quae
1276 353 1477 422 plantis
1509 357 1784 422 ponuntur
1816 357 1912 406 aut

227 430 410 481 ramis,
474 428 568 479 ubi
607 428 758 497 regio
801 428 992 480 siccior
1024 431 1123 496 est,
1163 424 1543 496 aquationibus
1577 429 1910 480 adiuuentur.

304 605 403 658 DE
454 604 884 673 FODIENDIS,
931 603 1304 657 PALANDIS
1353 604 1448 656 ET
1495 603 1846 657 LIGANDIS

364 693 661 747 VITIBVS
701 694 847 746 VEL
888 692 1310 746 LAETANDIS
1352 692 1783 746 ARBORIBVS.
1961 715 1981 748 5

140 799 241 852 XX
356 798 514 851 Nunc
569 799 703 851 locis
759 798 1049 850 maritimis
1107 802 1160 850 et
1217 797 1402 849 calidis
1456 797 1735 850 fodiendae
1788 801 1915 850 sunt

229 873 369 925 uites
403 874 506 941 uel,
539 874 584 925 si
617 873 748 925 haec
780 871 1092 941 prouinciae
1128 872 1458 924 consuetudo
1490 875 1586 939 est,
1619 872 1914 924 exarandae

232 952 286 1000 et
325 948 382 999 in
421 948 621 1000 eisdem
662 947 794 998 locis
834 946 1095 1015 palandae
1137 950 1230 998 aut
1270 945 1519 1015 ligandae
1556 949 1682 997 sunt
1711 946 1915 1014 uineae,

229 1022 546 1090 priusquam
602 1039 817 1090 gemma
872 1021 1147 1088 procedat,
1211 1020 1361 1072 cuius
1426 1020 1774 1072 concussione
1828 1020 1915 1072 uel
1978 1087 1981 1089 -

157 1098 190 1148 2
233 1096 437 1148 adtritu
479 1096 771 1147 incurritur
811 1095 1011 1163 grande
1054 1094 1405 1162 dispendium.
1467 1112 1609 1146 nunc
1651 1094 1797 1145 oleae
1835 1112 1917 1146 00-
1941 1115 1984 1146 10

232 1173 486 1237 teraeque
529 1170 748 1221 arbores
789 1169 1057 1220 laetamen
1098 1169 1370 1236 accipiunt
1402 1168 1741 1220 decrescente
1774 1167 1915 1219 luna.

233 1244 467 1296 sufficiet
501 1247 681 1295 autem
714 1244 907 1294 maiori
941 1243 1122 1294 arbori
1154 1242 1319 1294 uehes
1352 1261 1474 1309 una,
1513 1242 1710 1294 minori
1742 1241 1920 1293 media

232 1319 334 1387 ita,
381 1322 441 1369 ut
491 1319 754 1369 subducta
802 1336 832 1368 a
880 1316 1150 1368 radicibus
1199 1320 1344 1368 terra
1388 1320 1442 1368 et
1482 1317 1609 1368 fimo
1649 1316 1918 1384 permixta

233 1396 533 1445 reuocetur.
612 1396 855 1460 tempore
902 1392 1029 1459 hoc,
1078 1391 1124 1442 si
1173 1409 1306 1459 quae
1355 1393 1481 1442 sunt
1520 1391 1576 1441 in
1616 1390 1918 1442 seminariis

232 1467 475 1535 plantae,
523 1466 1008 1518 circumfodiendae
1050 1468 1176 1516 sunt
1217 1468 1270 1516 et
1310 1465 1625 1533 amputandi
1665 1465 1740 1516 eis
1782 1463 1919 1516 rami
1944 1485 1987 1518 15

234 1540 492 1609 superflui
531 1541 618 1592 uel
658 1539 952 1603 radiculae,
1003 1558 1134 1607 quas
1181 1540 1322 1591 circa
1361 1539 1417 1590 in
1459 1539 1727 1606 superiori
1765 1542 1918 1607 parte

233 1616 510 1667 miserunt.

456 1791 554 1844 DE
597 1789 830 1858 ROSIS,
870 1788 1111 1858 LILIIS,
1154 1788 1414 1858 CROCQ
1454 1788 1696 1842 VIOLIS

814 1878 1347 1932 CONSERENDIS.

146 1985 279 2038 XXI
392 1985 513 2038 Hoc
554 2003 735 2037 mense
775 1984 985 2036 rosaria
1025 2002 1391 2052 conseremus,
1436 2002 1572 2052 quae
1614 1984 1762 2036 sulco
1803 1984 1920 2035 bre·
1943 2005 1987 2036 20

234 2060 459 2112 uissimo
503 2063 596 2111 aut
637 2059 919 2111 scrobibus
959 2059 1207 2126 ponenda
1248 2062 1374 2109 sunt
1414 2057 1501 2109 uel
1540 2058 1796 2127 uirgultis
1833 2057 1920 2109 uel

237 2135 402 2186 etiam
452 2134 667 2185 semine.
748 2133 954 2185 semina
1001 2136 1184 2184 autem
1232 2151 1480 2183 rosarum
1519 2151 1629 2183 non
1667 2135 1918 2200 putemus

236 2209 440 2261 medios
481 2207 735 2260 flosculos
777 2225 892 2259 esse
935 2207 1082 2258 aurei
1121 2205 1330 2265 coloris,
1373 2224 1506 2273 quos
1539 2224 1693 2257 rosae
1725 2205 1921 2274 ferunt,

237 2283 330 2335 sed
377 2284 537 2335 bacas
585 2281 857 2349 nutriunt,
906 2299 1039 2348 quas
1082 2280 1139 2331 in
1179 2279 1488 2332 breuissimi
1527 2279 1631 2347 piri
1673 2279 1921 2331 similitu-

237 2358 417 2409 dinem
458 2356 640 2424 plenas
684 2355 978 2407 seminibus
1021 2354 1130 2406 suis
1171 2360 1297 2423 post
1333 2354 1660 2405 uindemiam
1692 2354 1922 2406 reddunt
1945 2374 1988 2406 25

359 2493 379 2530 1
414 2486 656 2530 ferat-iores
694 2486 735 2529 G
764 2488 778 2541 Η
812 2491 835 2528 2
868 2486 956 2528 hoc
989 2488 1058 2528 est
1090 2484 1286 2527 nucibus
1320 2498 1400 2527 om.
1424 2499 1458 2539 2)
1487 2485 1491 2535 l
1522 2486 1603 2527 aut
1622 2511 1676 2515 —
1696 2483 1922 2527 adiuuen-

236 2550 312 2590 tur
345 2561 425 2590 om.
447 2561 482 2602 p
506 2549 519 2602 l!
550 2550 577 2588 4
610 2544 908 2588 PALANDIS
943 2559 1023 2587 om.
1055 2545 1095 2587 G
1127 2547 1140 2600 ΙΙ
1173 2549 1197 2586 5
1230 2543 1380 2586 uineis
1414 2558 1436 2586 c
1464 2546 1468 2599 1
1497 2542 1923 2586 LAETAMINAN-

237 2606 333 2649 DIS
367 2607 419 2660 S,
452 2605 784 2649 letaminandis
818 2605 867 2647 E
903 2606 917 2659 ΙΙ
959 2608 981 2645 7
1018 2603 1091 2646 0111
1118 2618 1204 2659 pro
1237 2602 1275 2645 si
1308 2603 1400 2646 SE
1444 2605 1457 2658 ll
1505 2608 1529 2645 8
1564 2602 1922 2658 et—ligandae

238 2681 319 2709 om
352 2666 392 2709 G
416 2669 430 2720 Η
455 2671 479 2707 9
514 2664 812 2708 concursione
843 2664 906 2719 ρι’
931 2665 943 2717 Η
971 2668 1023 2705 10
1059 2662 1223 2705 attrita
1249 2662 1298 2704 F
1322 2664 1326 2716 Ι
1357 2661 1620 2717 dispedium
1645 2663 1688 2706 L
1711 2664 1726 2718 ΙΙ
1752 2666 1804 2704 12
1836 2660 1922 2703 mi-

237 2724 339 2768 nori
373 2725 468 2767 arb.
504 2725 554 2778 V,
590 2724 684 2767 arb
719 2722 883 2766 maiori
917 2723 966 2765 1
1001 2723 1005 2779 Ι
1042 2736 1183 2777 neges
1218 2722 1668 2777 PLQSETFGz‘,
1702 2719 1834 2777 uegis
1866 2721 1919 2776 V,

237 2799 294 2828 nc
299 2798 379 2841 ges
406 2799 440 2839 1)
464 2787 478 2839 Η
513 2789 565 2826 14
600 2783 665 2826 sic
696 2796 816 2838 quae
848 2783 891 2825 L
915 2784 929 2837 Η
963 2786 1015 2823 16
1050 2779 1319 2837 superfluuii
1353 2781 1393 2822 V
1417 2781 1422 2836 Ι
1451 2779 1688 2836 superiore
1720 2781 1876 2836 iaeys
1906 2779 1923 2838 ll

241 2850 293 2886 15<
299 2823 466 2886 ζ,ΙῙΙΟΒ
472 2843 540 2885 Es
573 2844 615 2885 L
662 2845 675 2897 Η
724 2847 776 2884 22
810 2844 1028 2898 putamus
1063 2841 1104 2882 V
1138 2843 1152 2895 ΙΙ
1193 2846 1246 2882 23
1279 2839 1487 2882 modicos
1524 2840 1566 2883 G
1615 2841 1620 2895 Ι
1671 2852 1787 2894 quos
1817 2851 1921 2882 rose

238 2903 385 2946 ferm
423 2904 470 2956 T,
505 2915 624 2957 quae
657 2915 788 2944 rosae
821 2901 1058 2943 fuerunt(
1040 2914 1097 2956 Js·
1135 2902 1149 2956 Η
1190 2904 1244 2942 24
1276 2898 1564 2942 breuissimis
1601 2898 1639 2955 Q
1676 2900 1691 2955 ΙΙ
1738 2903 1792 2941 25
1827 2896 1922 2941 suis

240 2976 463 3017 01111093·
