2072 3145
730 136 925 180 AGRIC.
950 137 1036 179 XII
1062 141 1234 180 13—15
1712 136 1818 188 249

509 259 608 311 DE
649 257 983 310 MATERIE
1026 256 1449 311 CAEDENDA.

159 412 162 414 ,
254 348 412 401 Nunc
463 348 716 401 materies
757 348 830 399 ad·
863 346 1125 399 fabricam
1167 347 1432 398 caedenda
1479 350 1583 415 est,
1636 366 1757 400 cum
1810 347 1911 401 XV

140 424 270 476 luna
317 421 592 475 decrescit.
671 422 764 474 sed
812 421 1053 488 arboreS,
1112 439 1245 488 quae
1296 421 1604 490 caedentur,
1654 440 1824 490 usque

143 498 207 549 ad
248 497 540 549 medullam
582 496 859 549 securibus
912 494 1111 547 recisas
1161 495 1494 563 aliquamdiu
1543 498 1686 547 stare
1735 515 1825 564 pa-

97 593 117 625 5
143 571 311 638 tieriS,
352 575 412 623 ut
452 589 547 640 per
581 589 668 623 eas
709 573 889 638 partes
930 587 1101 637 umor,
1141 569 1187 620 si
1220 570 1339 638 quis
1381 569 1438 620 in
1469 568 1621 621 uenis
1655 570 1823 622 conti-

138 647 315 713 netur,
349 648 610 697 excurrat.
665 644 828 695 utiles
863 646 1042 695 autem
1076 646 1202 694 sunt
1235 643 1465 694 maxime
1491 643 1605 695 liae.
1663 644 1824 713 abies,

140 737 301 788 quam
343 719 595 788 gallicam
636 721 857 787 uocant,
903 717 1009 769 nisi
1055 717 1396 785 perpluatur,
1442 717 1601 784 leuis,
1648 717 1823 788 rigida

139 796 194 844 et
244 794 302 845 in
358 793 609 861 operibus
659 791 814 844 siccis
863 810 1095 860 perenne
1123 790 1420 843 durabilis.
1507 792 1655 843 larex
1701 792 1825 844 util-

139 867 285 936 lima,
325 885 388 919 ex
430 885 534 935 qua
575 866 621 918 si
659 866 875 918 tabulas
917 864 1140 934 suffigas
1186 865 1382 934 tegulis
1431 865 1488 916 in
1528 865 1706 917 fronte
1748 870 1822 918 at-

74 963 117 993 10
143 959 243 1010 que
285 941 627 993 extremitate
667 941 951 1007 tectorum,
990 937 1317 1007 praesidium
1352 942 1541 991 contra
1579 940 1824 992 incendia

141 1015 445 1066 contulisti:
493 1033 663 1083 neque
713 1014 854 1066 enim
903 1014 1178 1065 flammam
1224 1013 1515 1081 recipiunt,
1573 1017 1666 1065 aut
1714 1032 1823 1066 car-

141 1088 307 1141 bones
348 1093 577 1157 possunt
618 1106 809 1140 creare.
889 1105 1114 1156 quercus
1163 1087 1446 1153 durabiliS,
1495 1087 1541 1139 si
1588 1088 1818 1141 terrenis
1861 1090 1895 1140 2

141 1163 394 1230 operibus
437 1162 697 1215 obruatur
729 1165 783 1214 et
816 1161 1154 1229 aliquatenus
1187 1161 1341 1229 palis.
1405 1161 1646 1213 aesculus
1681 1162 1823 1214 aedi-

138 1236 276 1288 ficiis
305 1240 358 1288 et
384 1236 576 1289 redicis
608 1240 735 1304 apta
767 1235 1035 1288 materies
1092 1238 1343 1288 castanea
1374 1235 1512 1287 mira
1545 1235 1820 1288 soliditate

72 1332 113 1364 15
138 1310 396 1378 perdurat
437 1310 493 1362 in
534 1311 676 1379 agris
726 1313 779 1362 et
819 1309 1004 1375 tectis,
1054 1313 1107 1360 et
1155 1308 1406 1377 operibus
1449 1310 1640 1361 ceteris
1686 1309 1823 1362 inte-

140 1384 320 1453 stiniS,
385 1384 534 1436 cuius
587 1384 762 1436 solum
814 1383 1020 1451 pondus
1076 1383 1134 1434 in
1187 1383 1323 1435 uitio
1377 1386 1471 1435 est.
1556 1383 1714 1453 fagus
1765 1384 1822 1436 in

139 1457 280 1510 sicco
342 1458 494 1510 utilis
508 1501 522 1527 ,
583 1476 770 1509 umore
827 1457 1205 1524 corrumpitur.
1289 1457 1520 1526 populus
1574 1460 1818 1526 utraque,

138 1532 276 1584 salix
315 1535 370 1584 et
408 1531 528 1583 tilia
568 1532 624 1583 in
658 1531 949 1599 sculpturis
982 1531 1330 1583 necessariae.
1396 1532 1548 1583 alnus
1581 1530 1816 1584 fabricae

137 1606 347 1657 inutilis
390 1606 483 1657 sed
521 1606 839 1673 necessaria,
880 1606 926 1656 si
965 1605 1178 1656 umidus
1218 1604 1367 1657 locus
1407 1606 1471 1656 ad
1512 1605 1819 1673 accipienda

70 1702 112 1732 20
136 1679 487 1732 fundamenta
525 1679 787 1747 palandus
829 1682 924 1730 est.
1002 1679 1181 1730 ulmus
1223 1682 1276 1730 et
1316 1679 1579 1747 fraxinus,
1628 1680 1674 1730 si
1722 1680 1819 1732 sic-

136 1757 338 1820 centur,
372 1753 662 1822 rigescunt,
697 1756 820 1804 ante
855 1753 1157 1804 curuabiles
1192 1753 1395 1804 catenis
1429 1753 1589 1805 utiles
1621 1753 1818 1806 haben-

136 1831 239 1880 tur.
319 1827 567 1895 carpinus
612 1826 869 1894 utillima,
911 1844 1194 1894 cupressus
1237 1827 1475 1895 egregia,
1514 1827 1672 1895 pinus
1712 1828 1818 1880 nisi
1858 1829 1892 1881 3

135 1900 193 1952 in
244 1901 485 1953 siccitate
539 1919 649 1953 non
700 1901 919 1952 durans:
979 1901 1064 1952 cui
1117 1903 1305 1952 contra
1357 1901 1583 1952 celerem
1640 1904 1819 1969 putre-

137 1974 314 2027 dinem
363 1975 579 2043 conperi
629 1975 685 2026 in
735 1973 980 2026 Sardinia
1026 1974 1129 2026 hoc
1177 1991 1370 2042 genere
1418 1974 1710 2043 prouideri,
1758 1978 1819 2026 ut

256 2110 280 2147 2
315 2108 385 2148 est
417 2119 498 2149 om.
538 2105 579 2149 G
617 2108 630 2161 Η
678 2111 702 2147 3
745 2105 1002 2147 caeduntur
1033 2105 1086 2160 S,
1128 2105 1355 2147 ceduntur
1386 2105 1552 2148 EVF
1586 2107 1599 2161 ΙΙ
1647 2111 1671 2149 6
1714 2108 1820 2148 sunt

137 2167 295 2207 autem
326 2165 369 2207 L
387 2165 693 2208 VGSETF
717 2166 722 2222 Ι
750 2165 839 2206 hae
862 2163 1063 2206 maxime
1095 2165 1260 2221 iacys,
1294 2163 1493 2207 maxime
1519 2178 1600 2207 om.
1619 2180 1656 2220 Ρ
1680 2167 1693 2221 Η
1721 2170 1742 2206 7
1769 2164 1818 2206 ni

136 2237 273 2280 super
302 2223 526 2280 pluantur
557 2225 624 2279 E,
668 2223 760 2266 nisi
797 2223 1038 2278 perluatur
1078 2224 1192 2280 icys
1238 2225 1251 2278 ΙΙ
1307 2228 1331 2266 8
1364 2237 1446 2279 per
1488 2223 1703 2278 hyemem
1728 2237 1816 2279 Ρνο

134 2296 336 2339 perenne
368 2283 419 2325 Ε
459 2286 463 2338 Ι
515 2282 593 2325 DE
627 2282 841 2325 LARICE
874 2282 958 2326 ins.
991 2282 1032 2326 G
1060 2282 1063 2339 ξ
1100 2282 1240 2324 Larix
1273 2283 1486 2326 editiones
1514 2284 1518 2339 Ι
1547 2282 1715 2325 ultima
1746 2284 1787 2325 T
1810 2283 1812 2339 ξ

134 2341 387 2384 utilissima
418 2343 571 2399 iacys
607 2345 620 2399 ΙΙ
664 2347 688 2384 9
725 2342 805 2384 sed
830 2355 917 2397 pro
951 2341 990 2384 si
1020 2342 1070 2384 E
1104 2343 1109 2397 Ι
1145 2341 1317 2399 tegulis
1350 2355 1430 2385 om.
1452 2355 1487 2396 Ρ
1518 2342 1532 2399 {!
1577 2346 1629 2384 10
1663 2341 1817 2384 incen-

136 2399 266 2443 dium
288 2401 338 2443 E
359 2402 373 2457 l}
399 2405 450 2443 11
476 2401 712 2444 flammam
736 2415 818 2444 om.
846 2401 895 2443 E
915 2402 929 2456 ΙΙ
956 2405 1008 2443 12
1037 2414 1191 2443 creare
1215 2403 1410 2457 possunt
1436 2402 1610 2457 moys,
1645 2402 1814 2443 creant.

136 2458 338 2511 Quercus
365 2474 400 2515 Ρ
439 2462 452 2515 Η
493 2465 546 2503 13
579 2459 772 2503 Aesclus
806 2461 899 2502 PL
918 2461 975 2513 V,
1010 2459 1177 2502 esculis
1210 2461 1276 2514 E,
1312 2459 1461 2502 esclus
1495 2460 1576 2515 ΕΗ
1610 2464 1664 2501 14
1695 2458 1817 2502 radi-

135 2518 200 2562 cis
244 2518 350 2572 GT,
404 2518 571 2562 recidis
619 2520 734 2572 VE,
789 2518 967 2561 reduris
1008 2519 1073 2573 F,
1128 2517 1287 2560 ridicis
1327 2520 1479 2575 icccys
1518 2520 1522 2575 Ι
1567 2520 1613 2561 et
1658 2517 1817 2560 ridicis

135 2592 216 2621 om.
236 2592 273 2632 Ρ
300 2578 306 2635 1
336 2577 432 2620 alta
459 2592 544 2633 pro
570 2581 681 2634 apta
706 2579 755 2621 E
781 2579 785 2634 Ι
813 2577 1029 2621 materies
1062 2592 1143 2622 om.
1172 2592 1207 2633 Ρ
1231 2580 1244 2633 ΙΙ
1270 2582 1323 2620 15
1358 2577 1574 2633 operibus
1605 2576 1814 2632 internis,

136 2637 265 2680 cuius
291 2650 328 2691 Ρ
374 2639 387 2692 ΙΙ
429 2642 480 2680 17
513 2637 713 2693 populus
746 2639 943 2692 utraque
977 2651 1057 2680 om.
1092 2637 1213 2680 SlE
1256 2638 1269 2692 l}
1318 2641 1370 2679 18
1407 2639 1452 2679 et
1493 2636 1612 2678 salix
1643 2650 1770 2693 (1093

135 2694 354 2739 sculturis
388 2697 500 2750 PT,
535 2696 728 2739 culturis
761 2697 829 2751 E,
864 2695 1108 2752 scalpturis
1143 2710 1268 2752 (ceys
1291 2698 1305 2751 ΙΙ
1332 2700 1384 2738 19
1419 2695 1509 2738 Sed
1536 2709 1621 2751 pro
1655 2694 1693 2737 si
1725 2696 1774 2737 E

134 2758 188 2798 ut
220 2753 365 2810 accip.
398 2755 448 2809 V,
484 2769 564 2798 om.
593 2770 629 2811 Ρ
668 2758 682 2811 ll
723 2760 777 2797 20
808 2756 1042 2810 parandus
1068 2756 1118 2798 E
1153 2757 1166 2810 Η
1208 2760 1259 2797 21
1296 2754 1461 2797 catinis
1499 2755 1559 2810 G,
1607 2753 1816 2797 cathenis

133 2814 208 2856 Ei
230 2816 244 2870 Η
270 2818 324 2856 22
371 2812 593 2869 Caprinus
627 2814 749 2858 S1E
757 2815 806 2856 F
816 2814 876 2868 G,
911 2814 1127 2857 carbinus
1167 2815 1211 2856 V
1242 2814 1246 2870 Ι
1282 2813 1447 2855 ultima
1483 2815 1533 2867 T,
1566 2812 1817 2855 utilissima

133 2873 287 2930 ifacys
315 2873 320 2930 Ι
350 2872 563 2928 carpinus
596 2873 798 2916 utillima
824 2887 904 2916 om.
925 2888 960 2929 Ρ
989 2877 993 2930 Ι
1024 2872 1237 2929 egregia,·
1269 2872 1471 2915 utillima
1503 2873 1587 2928 ΕΗ
1612 2877 1666 2915 23
1700 2871 1816 2915 cele-

133 2945 232 2974 rem
263 2945 344 2975 om.
372 2946 409 2986 Ρ
432 2934 446 2987 Η
472 2937 526 2974 24
559 2932 716 2974 sardia
747 2933 790 2975 L
