2014 3169
144 134 252 187 104
846 134 1127 178 PALLADE

60 258 130 311 18
152 256 465 309 stramentis
500 256 562 308 de
597 256 860 324 superiori
890 260 1045 325 parte
1078 257 1355 326 cooperiri.
1417 258 1556 309 mela
1589 258 1832 326 rotunda,

149 349 286 399 quae
329 330 630 383 orbiculata
670 329 935 398 dicuntur,
975 330 1088 383 sine
1129 349 1257 383 cura
1291 334 1409 383 toto
1443 349 1582 384 anno
1615 350 1831 385 seruare

147 423 204 456 se
254 408 495 474 possunt.
577 403 668 455 alii
711 404 767 456 in
807 407 970 472 puteo
1011 405 1097 456 uel
1139 404 1372 457 cisterna
1411 411 1664 474 mergunt
1702 424 1834 458 uasa

146 479 355 546 fictilia,
396 477 591 546 quibus
633 478 922 547 diligenter
960 477 1155 546 picatis
1197 482 1251 530 et
1292 479 1487 531 clausis
1521 479 1660 531 mela
1693 498 1832 532 com-

149 553 392 605 mittunt.
473 552 564 603 alii
613 570 677 603 ex
724 552 915 604 arbore
964 552 1104 603 mela
1147 552 1352 604 inlaesa
1394 557 1738 621 sumpserunt
1778 556 1832 606 et
1876 574 1896 606 5

149 625 412 696 pediculis
454 644 640 677 eorum
680 627 796 693 pice
839 625 1070 677 feruenti
1108 626 1299 678 mersis
1335 645 1496 694 supra
1528 627 1832 680 tabulatum

150 719 247 768 per
295 700 537 752 ordinem
586 700 967 767 disposuerunt
1013 719 1211 752 nucum
1259 699 1404 752 foliis
1454 701 1640 753 subter
1679 720 1834 770 expo-

153 775 289 826 sitis,
366 774 608 843 plerique
659 775 876 826 scobem
922 775 1107 842 populi
1151 774 1239 826 uel
1281 774 1476 826 abietis
1515 774 1656 826 inter
1697 776 1836 828 mela

61 849 130 902 19
154 848 475 900 diffundunt.
540 851 756 900 constat
795 848 935 900 mela
969 849 1044 900 sic
1077 849 1338 917 ponenda,
1378 852 1438 900 ut
1467 849 1835 917 pediculorum

152 926 336 992 partes
385 923 635 974 deorsum
682 922 848 974 facias
897 940 1091 990 neque,
1149 926 1438 990 antequam
1493 922 1614 974 usui
1659 942 1903 976 neces-10

156 997 298 1049 saria
337 996 624 1048 uideantur
665 1015 796 1065 esse,
837 997 1136 1065 contingas
1201 997 1387 1048 uinum
1429 1000 1483 1048 et
1524 1000 1734 1049 acetum
1773 997 1836 1048 fit

68 1072 139 1124 20
159 1090 221 1123 ex
254 1070 425 1137 meliS‚
467 1071 606 1123 sicut
639 1089 701 1122 ex
734 1069 866 1138 piris
901 1074 1024 1122 ante
1056 1071 1319 1138 praecepi.
1379 1071 1631 1139 cydoneis
1665 1089 1837 1123 seren-

156 1145 237 1197 dis
293 1144 536 1213 plerique
593 1148 839 1212 tempora
888 1144 1100 1196 diuersa
1152 1145 1420 1196 dixerunt:
1476 1148 1659 1196 tamen
1704 1143 1839 1197 mihi

156 1238 257 1271 usu
306 1223 621 1287 conpertum
671 1223 754 1270 est
803 1218 858 1270 in
905 1217 1066 1270 Italia
1115 1217 1256 1271 circa
1297 1218 1501 1271 Vrbem
1546 1237 1728 1271 mense
1767 1218 1840 1270 fe-

155 1293 376 1345 bruario
408 1293 496 1345 uel
529 1293 817 1345 inchoante
852 1293 1049 1344 martio
1076 1293 1290 1361 plantas
1318 1293 1679 1362 cydoneorum
1704 1293 1838 1345 radi·
1865 1314 1907 1346 15

161 1371 309 1419 catas
342 1367 707 1436 infipastinato
745 1367 859 1418 solo
895 1367 1131 1418 tenuisse
1162 1367 1291 1418 adeo
1317 1367 1563 1434 feliciter,
1595 1371 1657 1419 ut
1682 1385 1838 1435 saepe

161 1442 435 1510 sequentis
467 1441 592 1493 anni
617 1441 771 1510 fruge
800 1441 1109 1510 gauderent,
1145 1441 1189 1492 si
1214 1440 1393 1508 posita-
1419 1441 1637 1493 maioris
1664 1444 1841 1493 status

161 1516 414 1568 fuissent.
469 1516 603 1568 locis
661 1515 815 1567 siccis
868 1520 921 1567 et
974 1515 1159 1567 calidis
1209 1518 1447 1566 extremo
1498 1515 1709 1567 octobri
1755 1515 1842 1567 uel

160 1589 447 1642 nouembri
487 1589 775 1642 inchoante
817 1593 1102 1658 ponantur.
1165 1592 1348 1640 amant
1388 1589 1624 1657 cydonea
1661 1589 1842 1642 locum

161 1664 437 1734 frigidum,
475 1668 761 1716 umectum.
826 1664 870 1715 si
910 1663 963 1715 in
1005 1663 1186 1732 tepido
1229 1666 1553 1730 statuantur,
1593 1681 1726 1732 opus
1761 1667 1844 1716 est
1869 1686 1911 1717 κο

74 1738 272 1792 millis
313 1738 581 1807 rigatione
625 1738 876 1790 succurri.
953 1737 1134 1789 ferunt
1181 1740 1363 1788 tamen
1403 1741 1607 1789 statum
1646 1738 1843 1790 medio·

165 1813 268 1865 cris
303 1812 438 1864 situs
471 1813 614 1864 inter
645 1816 895 1864 naturam
927 1811 1148 1881 frigoris
1184 1815 1236 1862 et
1271 1812 1465 1863 caloris
1500 1816 1554 1863 et
1585 1812 1642 1863 in
1665 1811 1842 1880 pla-nis

164 1890 218 1939 et
259 1887 313 1938 in
355 1886 652 1939 decliuibus
692 1886 1033 1955 proueniunt,
1071 1885 1244 1955 magis
1286 1890 1467 1938 tamen
1498 1885 1759 1938 inclinata
1789 1889 1845 1938 et

165 1961 367 2012 deuexa
400 1960 720 2012 desiderant.
785 1964 971 2012 serunt
1003 1960 1169 2028 aliqui
1203 1960 1570 2013 cacuminibus
1603 1962 1657 2012 et
1689 1959 1847 2028 talea,

167 2035 258 2086 sed
293 2035 477 2087 tardus
513 2038 594 2086 est
618 2034 674 2086 in
698 2038 927 2102 utroque
951 2037 1261 2103 prouentus.
1314 2035 1392 2086 ita
1416 2034 1692 2102 ponendae
1719 2038 1845 2086 sunt
1870 2054 1912 2088 25

165 2109 350 2178 largae
398 2109 617 2160 arbores
667 2109 913 2177 cydonei,
967 2127 1033 2160 ne
1084 2109 1310 2160 alteram
1359 2109 1634 2176 quatiente
1681 2112 1844 2160 uento

77 2185 148 2237 22
168 2182 505 2235 stillicidium
545 2186 737 2252 tangat
779 2182 1015 2235 alterius.
1079 2183 1204 2234 dum
1245 2182 1420 2234 minor
1461 2186 1543 2234 est
1575 2182 1661 2233 uel
1693 2180 1847 2250 poni-

285 2349 305 2385 1
343 2343 577 2400 superiore
611 2358 735 2399 acys
779 2344 783 2397 1
829 2342 1024 2398 coperiri
1062 2343 1114 2397 G,
1153 2341 1411 2398 cohopcriri
1445 2343 1493 2384 Ε
1541 2346 1545 2395 1
1597 2341 1725 2384 Mala
1756 2342 1806 2385 E
1814 2342 1848 2407 11

164 2408 188 2445 2
225 2402 464 2446 ouiculata
500 2403 541 2446 G
584 2404 589 2459 1
634 2401 872 2445 curatione
907 2415 1027 2444 anno
1065 2403 1105 2445 G
1149 2406 1152 2452 Ι
1198 2401 1373 2444 56111111
1405 2416 1531 2458 (1093
1577 2403 1590 2457 11
1638 2406 1663 2443 3
1703 2400 1753 2443 111
1785 2399 1847 2444 ci-

166 2465 323 2506 stema
355 2464 459 2517 ias,
495 2461 582 2520 [in]
616 2461 715 2504 cist.
749 2464 893 2518 69114
929 2460 1281 2504 committuntui
1314 2462 1464 2517 111693
1489 2467 1533 2559 n(
1530 2466 1550 2502 7
1594 2460 1849 2517 disponunt

165 2524 320 2579 iacys
367 2525 380 2577 11
428 2527 452 2565 8
488 2522 695 2564 scrobem
728 2522 777 2564 E
825 2530 830 2572 1
882 2520 1077 2563 abiectis
1111 2521 1223 2576 LO,
1264 2519 1533 2562 habietis(
1514 2542 1545 2563 J
1592 2523 1605 2575 11
1654 2525 1704 2562 11
1741 2533 1847 2563 con-

164 2581 354 2638 tinguas
373 2582 421 2623 E
443 2583 456 2636 11
484 2586 535 2623 12
561 2581 639 2623 DE
659 2579 935 2624 CIDONEIS
962 2594 1045 2622 ms.
1065 2581 1114 2622 E
1139 2582 1143 2636 1
1174 2555 1378 2622 cidoneis
1403 2581 1449 2633 Τ
1477 2578 1686 2635 cydoniis
1711 2578 1849 2636 6111111

169 2646 221 2683 14
263 2640 362 2683 visu
403 2641 451 2683 E
495 2643 508 2696 11
559 2646 609 2682 15
652 2639 949 2682 cidoneorum
990 2639 1088 2692 SF,
1131 2638 1414 2682 cidoniorum
1457 2641 1503 2692 T,
1546 2638 1848 2702 cydoniorum

168 2701 264 2743 edd.
300 2703 312 2755 11
354 2705 405 2742 17
441 2699 667 2756 gauderet
700 2700 750 2741 Ε
784 2701 798 2755 11
840 2704 891 2741 19
927 2697 1139 2741 cidonea
1154 2698 1308 2750 ,5Ε1·’,
1343 2697 1542 2753 cydonia
1580 2700 1626 2752 Τ
1661 2711 1713 2753 cy
1719 2694 1848 2740 donii

168 2761 265 2802 edd
308 2762 321 2814 11
362 2764 415 2801 20
451 2761 719 2801 statuuntur
755 2772 906 2814 lueys·
952 2760 964 2811 11
1014 2763 1064 2800 ·21
1104 2756 1378 2824 irrigatione
1412 2758 1461 2800 Ε
1501 2759 1505 2814 1
1551 2759 1729 2799 scatum
1833 2755 1850 2813 11

169 2823 223 2860 22
260 2817 803 2861 311118-(3110110111.Ι,
832 2820 836 2873 1
868 2822 920 2858 23
954 2820 1110 2859 tamen
1142 2831 1292 2872 magls
1328 2818 1411 2859 iae
1435 2822 1528 2859 425
1561 2815 1739 2859 tardius
1835 2822 1849 2872 ι1

170 2882 224 2919 26
258 2877 389 2933 large
426 2878 525 2921 GE
551 2879 555 2934 1
586 2876 766 2919 cidonei
793 2877 837 2930 S,
872 2875 1058 2931 cydonii
1091 2877 1186 2920 edd.
1218 2878 1222 2931 1
1253 2875 1400 2918 altera
1426 2878 1467 2919 L
1491 2878 1505 2932 11
1532 2880 1584 2918 27
1618 2874 1694 2917 uel
1717 2873 1850 2931 poni-

169 2939 246 2979 tur
280 2951 360 2980 0111.
382 2952 436 2992 1),
472 2939 517 2979 et
548 2936 737 2991 ponitur
769 2937 867 2979 hab.
896 2936 961 2989 E,
997 2935 1070 2978 uel
1104 2935 1290 2991 quando
1323 2935 1512 2990 ponitur
1546 2936 1695 2991 iacys
