2014 3169
151 81 257 135 246
851 82 1133 126 PALLADH

152 204 311 273 plena
365 207 470 271 est,
532 204 650 256 loco
706 203 963 256 umbroso
1020 204 1265 257 scrobem
1319 203 1489 257 fodies
1545 205 1830 260 altitudine

150 277 314 330 trium
354 278 563 347 pedum,
604 277 890 329 latitudine
925 278 1153 330 duorum
1187 281 1240 329 et
1280 277 1464 331 mittes
1499 280 1831 350 sabulonem,

151 355 204 404 et
244 351 319 404 ibi
368 352 602 404 calamos
649 352 805 421 figes,
856 351 913 403 in
970 352 1163 420 quibus
1220 353 1558 420 retorquebis
1611 354 1830 407 adsidue

151 429 421 478 sarmenta
460 425 726 478 fructibus
775 425 933 494 plena
981 429 1035 477 et
1082 426 1300 478 inlaesis
1341 425 1701 495 botryonibus
1740 429 1830 480 ad-

150 499 363 570 ligabis,
394 502 456 551 ut
481 499 656 552 solum
679 518 789 552 non
815 499 1148 570 contingant,
1174 503 1227 552 et
1254 500 1543 568 cooperies,
1570 505 1629 553 ut
1651 501 1827 555 imber
1876 521 1895 553 5

77 577 109 627 2
151 592 211 626 60
265 577 549 642 penetrare
606 592 714 626 non
765 574 957 642 possit.
1045 573 1179 626 item
1233 572 1451 626 Graecis
1512 574 1828 629 docentibus

147 666 279 700 uuas
319 648 407 700 uel
446 666 606 716 poma
645 647 703 699 in
741 648 852 699 uite
894 651 987 699 aut
1028 649 1218 700 arbore
1268 648 1313 699 si
1353 648 1443 700 diu
1485 667 1699 702 seruare
1740 669 1830 704 uo-

147 721 327 790 lueris,
367 721 601 774 uasculis
645 722 827 774 clausa
865 721 1129 774 fictilibus
1165 723 1231 774 ab
1266 722 1376 774 ima
1405 726 1560 791 parte
1592 725 1827 792 pertusis

149 796 436 866 diligenter
476 815 506 848 a
546 814 754 848 summo
796 799 941 848 tecta
975 796 1253 864 suspende,
1295 797 1542 865 quamuis
1584 816 1744 865 poma
1777 803 1830 851 et

149 888 321 939 gypso
363 874 616 939 cooperta
655 871 711 922 in
750 871 971 939 longam
1013 873 1296 922 seruentur
1336 873 1583 923 aetatem.
1856 892 1898 922 ιο

139 1048 236 1102 DE
281 1047 648 1101 GREGIBVS
692 1048 943 1102 OVILLI
994 1049 1316 1103 GENERIS
1366 1050 1460 1102 ET
1511 1048 1833 1103 OAPRINI.

55 1152 188 1205 XIII
308 1152 426 1205 Hoc
479 1171 659 1205 mense
708 1171 973 1223 agnorum
1020 1154 1197 1223 prima
1245 1155 1522 1223 generatio
1563 1158 1661 1207 est.
1740 1155 1833 1208 sed

142 1244 312 1296 agnus
366 1228 553 1279 statim
612 1231 771 1280 natus
831 1228 1086 1281 uberibus
1150 1229 1406 1281 maternis
1460 1229 1826 1282 admouendus

140 1304 221 1353 est
251 1319 424 1353 manu.
468 1302 617 1370 prius
652 1305 835 1355 tamen
868 1303 1121 1373 exiguum
1153 1302 1328 1372 lactiS,
1368 1303 1425 1355 in
1458 1322 1563 1371 quo
1598 1303 1825 1372 spissior

143 1378 225 1427 est
262 1379 473 1445 natura,
512 1376 888 1445 mulgendum,
929 1377 1071 1445 quod
1110 1379 1356 1445 pastores
1398 1377 1691 1429 colostram
1730 1395 1820 1430 uo-
1847 1397 1889 1430 15

144 1453 286 1501 cant:
324 1468 553 1520 namque
595 1450 697 1502 hoc
738 1451 916 1520 agnis,
955 1451 1061 1503 nisi
1103 1450 1399 1519 auferatur,
1451 1452 1683 1504 nocebit.
1764 1469 1825 1504 ac

141 1524 316 1591 primo
355 1542 451 1592 per
490 1523 713 1576 biduum
752 1528 911 1577 natus
954 1543 1075 1576 cum
1118 1528 1288 1576 matre
1330 1525 1625 1578 claudatur.
1696 1529 1825 1577 tunc

142 1598 309 1666 septis
351 1598 593 1650 obscuris
636 1602 882 1650 seruetur
923 1602 976 1651 et
1018 1599 1225 1651 calidis:
1266 1599 1345 1652 ita
1385 1600 1593 1652 secluso
1633 1617 1826 1668 paruu-

68 1672 101 1724 2
141 1671 319 1724 lorum
359 1689 520 1742 grege
562 1672 812 1725 matrices
862 1672 1149 1725 mittantur
1197 1673 1252 1725 in
1299 1692 1512 1742 pascua.
1592 1672 1824 1726 sufficiet

142 1749 342 1814 autem,
399 1747 715 1815 priusquam
762 1748 1057 1816 procedant
1111 1750 1312 1799 matres
1373 1766 1528 1800 mane
1588 1751 1642 1799 et
1702 1765 1892 1800 cumeo

143 1823 354 1873 saturae
402 1823 748 1872 reuertuntur
796 1822 862 1873 ad
918 1840 1220 1891 uesperam,
1273 1822 1427 1892 agnis
1483 1822 1649 1873 ubera
1696 1821 1823 1875 hau·

143 1893 328 1946 rienda
364 1895 694 1963 permittere.
774 1895 866 1964 qui
908 1896 1074 1948 donec
1114 1896 1418 1965 firmentur,
1459 1896 1602 1948 intra
1642 1896 1823 1948 stabu-

141 1967 253 2020 lum
300 1968 598 2021 furfuribus
646 1969 732 2021 uel
780 1970 986 2022 medica
1038 1970 1204 2022 herba
1260 1971 1368 2037 uel,
1424 1971 1470 2021 si
1517 1973 1601 2022 est
1649 1968 1818 2038 copia,

139 2040 313 2094 farina
370 2042 558 2094 hordei
619 2047 912 2111 pascantur
974 2043 1210 2114 ingesta,
1275 2045 1442 2097 donec
1498 2047 1823 2112 conceptum

259 2177 283 2215 2
315 2173 465 2216 mittis
498 2187 646 2217 onmes
672 2180 854 2229 praeter
888 2175 930 2218 G
953 2177 966 2231 ΙΙ
992 2179 1017 2216 3
1051 2174 1153 2231 figis
1187 2188 1335 2219 omnes
1360 2179 1542 2230 praeter
1577 2174 1619 2217 G
1647 2176 1651 2229 Ι
1680 2175 1823 2217 retor-

144 2246 255 2287 ques
288 2232 381 2275 PL
399 2233 667 2277 VSETFi
713 2236 726 2289 ΙΙ
773 2239 799 2276 4
834 2236 1068 2277 sarmenta
1100 2248 1181 2277 om.
1217 2235 1267 2277 E
1315 2236 1319 2289 Ι
1370 2232 1662 2276 botrionibus
1705 2233 1787 2277 VS
1814 2234 1828 2291 Η

144 2297 168 2334 5
202 2291 349 2335 imbre
374 2291 609 2348 penetrari
630 2293 671 2336 G
694 2294 708 2348 ΙΙ
735 2297 757 2335 7
786 2307 901 2335 uuas
927 2293 974 2336 in
1007 2293 1103 2336 uite
1138 2296 1220 2336 aut
1243 2307 1382 2350 poma
1406 2291 1455 2335 in
1481 2292 1643 2336 arbore
1669 2306 1796 2350 acys
1818 2293 1822 2351 Ι

142 2351 218 2394 uel
249 2350 297 2394 in
331 2352 494 2395 arbore
524 2353 564 2395 T
583 2353 597 2408 ΙΙ
623 2356 648 2394 8
681 2350 904 2395 fictilibus
939 2352 1097 2396 clausa
1123 2353 1172 2395 E
1194 2355 1207 2408 ΙΙ
1233 2357 1257 2395 9
1293 2365 1475 2395 assumo
1502 2353 1546 2394 P
1571 2352 1576 2409 Ι
1604 2353 1727 2395 tecto
1754 2352 1798 2394 V
1815 2352 1830 2410 Η

144 2416 196 2452 11
239 2409 400 2454 OUILI
435 2411 553 2465 GE,
596 2410 711 2454 ouili
742 2412 761 2454 z·
810 2413 815 2467 Ι
866 2411 943 2454 ΕΤ
978 2411 1275 2455 PASCENDI
1307 2410 1533 2455 ORDINE
1574 2412 1706 2456 addit
1735 2411 1786 2454 E
1813 2413 1829 2469 Η

146 2474 198 2512 13
238 2469 453 2512 manibus
479 2484 567 2526 pro
598 2470 820 2514 maternis
858 2471 899 2515 G
950 2473 955 2527 Ι
1007 2471 1324 2514 admouendus
1369 2472 1451 2514 est.
1497 2484 1638 2513 manu
1678 2483 1828 2516 omnes

136 2535 317 2585 praeter
351 2529 423 2573 Gs
467 2529 482 2587 ΙΙ
531 2534 585 2573 14
617 2529 740 2573 latus
775 2530 818 2574 G
848 2532 864 2586 ΙΙ
897 2535 949 2573 15
984 2530 1286 2587 mulgendum
1318 2532 1388 2573 est
1420 2544 1501 2587 693
1535 2531 1540 2586 Ι
1578 2529 1828 2574 colostrum

143 2588 234 2631 SE
256 2591 270 2644 ΙΙ
296 2593 348 2631 16
374 2588 490 2632 haec
515 2589 534 2632 i
561 2590 565 2646 Ι
596 2589 815 2633 offeratur
834 2590 888 2645 P,
916 2590 1187 2633 auferantur
1208 2591 1249 2633 T
1267 2591 1282 2646 ΙΙ
1309 2593 1362 2632 18
1389 2587 1733 2633 obscurioribus
1754 2589 1797 2635 G'·

145 2649 355 2691 seruetur
385 2647 434 2690 in
467 2647 631 2691 calidis
664 2650 707 2693 L
758 2650 763 2706 Ι
813 2648 927 2692 item
953 2664 987 2704 p
1037 2651 1043 2704 Ι
1095 2649 1189 2693 sole
1222 2648 1381 2692 clauso
1407 2662 1494 2704 pro
1534 2647 1711 2692 secluso
1747 2647 1790 2692 G

147 2712 199 2748 19
232 2709 402 2750 matres
436 2708 522 2763 Ep
550 2709 554 2765 Ι
594 2710 835 2752 mutantur
869 2708 924 2763 G,
959 2722 1039 2751 om.
1076 2709 1125 2751 E
1169 2711 1183 2764 ΙΙ
1230 2712 1286 2750 20
1318 2706 1534 2751 matrices
1567 2707 1783 2752 editiones

146 2770 198 2807 21
232 2768 523 2810 reuertentur
555 2767 605 2810 E
647 2770 661 2823 ΙΙ
710 2773 763 2810 22
795 2766 1069 2824 permittent
1093 2768 1143 2810 E
1180 2771 1184 2822 Ι
1228 2766 1276 2809 in
1306 2769 1430 2810 terra
1455 2780 1542 2822 pro
1585 2765 1709 2809 intra
1741 2766 1792 2809 E

145 2828 200 2866 23
236 2824 274 2866 si
305 2825 483 2869 farinae
515 2826 678 2869 hordei
711 2828 780 2870 est
812 2827 946 2883 copia
971 2842 1007 2882 p
1037 2829 1051 2882 Η
1086 2831 1141 2869 24
1174 2825 1222 2869 in
1254 2828 1379 2869 tecta
1410 2839 1495 2882 pro
1525 2825 1710 2882 ingesta
1741 2825 1792 2868 Ε
1816 2826 1822 2885 Ι

150 2887 371 2940 concepto
402 2885 640 2941 paulisper
672 2886 833 2930 robore
865 2900 899 2941 s,
933 2885 1069 2929 robor
1109 2886 1151 2928 V
