2014 3169
191 82 299 134 236
895 79 1176 122 PALLADH

193 203 501 272 contigerit,
542 202 810 272 agendum
847 202 998 270 prius
1039 204 1156 254 toto
1197 200 1406 252 arboris
1448 218 1671 269 corpore
1704 202 1770 254 ab
1801 202 1881 254 in—

192 277 389 330 feriore
429 280 583 345 parte
622 279 872 346 purgato⁷
911 278 974 328 ut
1007 275 1303 328 altidudine
1345 274 1660 327 animalium
1699 294 1880 345 super-

192 369 381 421 gressa
412 351 603 403 modus
636 350 1050 402 transcendatur
1080 349 1309 401 iniuriae
1344 352 1398 401 et
1431 349 1590 402 arbos
1620 349 1731 402 iam
1764 369 1880 420 spa-

191 427 270 477 tio
313 444 409 478 suo
451 428 572 477 tuta
612 428 879 478 curuetur.

191 632 290 685 DE
320 630 657 686 OLIVETIS
691 629 1061 684 PONENDIS
1094 631 1187 683 ΕΤ
1214 628 1586 684 CVRANDIS
1611 629 1878 686 AEGRIS
1927 651 1948 684 5

818 719 1257 773 ARBORIBVS.

127 824 178 878 V
304 825 464 878 Nunc
505 825 670 877 etiam
709 825 844 877 locis
886 823 1072 876 calidis
1122 842 1184 877 ac
1225 824 1380 877 siccis
1429 824 1743 894 regionibus
1785 825 1881 878 oli-

194 903 322 952 ueta
360 903 650 969 ponuntur,
692 899 831 952 sicut
871 898 1143 951 februario
1184 897 1520 967 disputatum
1561 903 1659 952 est.
1737 904 1883 953 amat

192 974 325 1027 haec
368 975 527 1026 arbos
563 974 728 1026 arduo
768 974 1014 1026 locorum
1056 973 1164 1025 situ
1205 973 1550 1026 mediocriter
1584 973 1651 1026 ab
1695 993 1881 1027 umore

194 1048 466 1118 suspendi,
509 1049 676 1116 scalpi
717 1048 959 1115 adsidue,
998 1046 1306 1100 laetaminis
1346 1048 1593 1100 ubertate
1632 1048 1882 1118 pingues·
1908 1066 1951 1098 10

195 1141 335 1192 cere,
381 1122 652 1175 feracibus
708 1122 887 1174 uentis
934 1122 1244 1192 frequenter
1284 1122 1496 1191 agitari.
1572 1121 1676 1175 hoc
1717 1123 1883 1176 etiam

194 1216 377 1250 mense
407 1197 551 1261 ⁸oleis
593 1197 892 1264 sterilibus,
934 1215 1068 1265 quae
1110 1197 1421 1265 supradicta
1460 1200 1608 1264 sunt,
1648 1196 1884 1250 remedia

193 1271 469 1324 faciemus.
524 1290 667 1324 nunc
702 1275 756 1324 et
790 1271 978 1324 corbes
1021 1274 1074 1322 et
1115 1270 1226 1339 pali
1259 1274 1314 1323 et
1353 1270 1551 1323 ridicae
1590 1271 1726 1323 bene
1765 1272 1883 1323 fieri

193 1349 435 1415 possunt.
502 1346 663 1398 etiam
704 1364 846 1398 nunc
888 1344 1022 1397 locis
1063 1345 1381 1413 temperatis
1424 1348 1507 1397 est
1544 1344 1745 1397 laurini
1777 1346 1880 1398 olei

194 1421 340 1472 iusta
382 1420 662 1473 confectio.
1910 1436 1952 1470 15

826 1566 924 1619 DE
966 1565 1252 1620 HORTIS.

105 1673 185 1726 VI
311 1673 430 1725 Hoc
471 1691 653 1724 mense
704 1672 893 1724 allium
938 1672 1073 1724 bene
1122 1671 1320 1723 seritur
1361 1674 1414 1722 et
1460 1671 1700 1740 ulpicum
1739 1674 1884 1723 terra

194 1747 426 1799 maxime
476 1747 599 1798 alba
646 1746 793 1799 fossa
840 1749 894 1798 et
942 1747 1167 1798 subacta
1215 1745 1327 1797 sine
1377 1747 1628 1798 stercore.
1706 1745 1882 1798 sulcos

194 1822 251 1874 in
307 1821 446 1873 areis
501 1820 666 1873 facies
723 1825 777 1873 et
833 1819 1038 1872 semina
1085 1820 1142 1871 in
1191 1820 1325 1872 locis
1375 1818 1661 1872 altioribus
1715 1837 1883 1888 pones

196 1899 454 1964 quattuor
494 1895 680 1965 digitis
722 1899 974 1963 separata
1012 1912 1186 1962 neque
1229 1893 1391 1946 altius
1431 1912 1631 1962 pressa.
1710 1912 1882 1947 sareu·
1909 1914 1953 1945 20

193 1970 335 2022 labis
391 1969 725 2038 frequenter,
779 1969 902 2021 inde
958 1969 1080 2038 plus
1138 1971 1396 2020 crescent.
1482 1969 1529 2020 si
1585 1968 1884 2037 capitatum

195 2044 371 2096 facere
411 2044 665 2111 uolueriS,
705 2044 798 2095 ubi
841 2043 1081 2112 coeperit
1123 2042 1290 2095 caulis
1331 2042 1570 2111 prodire,
1608 2043 1883 2111 proculca:

196 2117 275 2170 ita
316 2136 474 2170 sucus
515 2120 818 2170 reuertetur
872 2118 938 2169 ad
991 2117 1181 2185 spicas.
1260 2116 1453 2185 fertur,
1506 2117 1553 2168 si
1603 2117 1730 2169 luna
1783 2117 1882 2169 sub

196 2192 357 2244 terris
397 2192 578 2261 posita
618 2195 829 2244 seratur
870 2196 923 2243 et
970 2191 1105 2243 item
1154 2191 1253 2243 sub
1301 2189 1462 2242 terris
1510 2191 1639 2242 luna
1678 2190 1882 2243 latente

195 2266 452 2335 uellatur‚
505 2265 686 2318 odoris
734 2265 995 2318 foeditate
1038 2265 1349 2318 cariturum.
1422 2265 1510 2316 uel
1549 2264 1719 2333 paleis
1761 2282 1880 2317 con·
1910 2283 1951 2316 25

197 2341 312 2393 dita
360 2341 488 2393 allia
534 2341 620 2392 uel
668 2339 818 2392 fumo
869 2358 1128 2408 suspensa
1170 2340 1454 2391 durabunt.
1532 2357 1675 2391 nunc
1715 2342 1769 2392 et
1808 2358 1886 2393 ce-

315 2536 340 2573 3
376 2531 511 2573 arbos
546 2531 637 2574 PL
657 2530 771 2585 VF,
814 2529 950 2572 arbos
983 2529 1031 2572 in
1064 2529 1268 2586 spatioso
1301 2531 1406 2573 tuta
1441 2530 1502 2584 G,
1542 2530 1680 2574 arbor
1710 2531 1841 2574 ceteri
1881 2530 1887 2589 Ι

195 2595 222 2633 4
257 2592 442 2633 curetur
475 2590 682 2646 Fiacys
706 2591 720 2646 Η
746 2595 770 2632 6
805 2592 852 2632 et
882 2589 1075 2644 reliquis
1110 2591 1288 2633 addunt
1319 2590 1409 2633 iac
1433 2591 1447 2645 ΙΙ
1472 2594 1496 2632 9
1532 2589 1668 2633 arbos
1694 2589 1842 2633 PLG

204 2650 319 2704 VF,
339 2649 476 2692 arbor
493 2650 623 2693 ceteri
644 2650 648 2706 j
670 2647 892 2691 mediocri
910 2650 986 2706 Es}
1013 2654 1063 2691 11
1087 2648 1337 2692 clementer
1353 2650 1395 2692 L
1415 2648 1578 2693 VGS2
1594 2649 1846 2705 TFiacys
1879 2648 1885 2707 Ι

199 2713 251 2751 12
285 2708 518 2752 feracibus
545 2722 633 2764 pro
666 2707 904 2751 sterilibus
931 2723 966 2763 p
990 2712 1003 2762 11
1038 2713 1090 2751 13
1126 2708 1309 2751 scorbes
1342 2709 1391 2750 E
1428 2709 1433 2766 Ι
1472 2707 1630 2751 radice
1663 2707 1817 2750 PLE
1872 2743 1883 2763 ,

195 2767 376 2811 radices
418 2768 527 2822 VT,
561 2766 746 2810 redicae
780 2767 831 2822 S,
864 2767 1081 2810 raedicae
1116 2768 1178 2822 G,
1214 2769 1260 2810 et
1290 2766 1467 2810 ridicae
1501 2781 1582 2811 om.
1611 2781 1647 2824 p
1683 2769 1698 2823 ΙΙ
1750 2771 1802 2810 17
1836 2768 1885 2810 et

197 2827 403 2882 ulpicum
429 2841 509 2870 om.
538 2841 573 2882 p
609 2828 623 2883 Η
661 2832 714 2870 18
749 2825 847 2869 sine
880 2840 962 2870 om.
1000 2827 1041 2869 G-
1076 2829 1090 2882 Η
1127 2831 1180 2869 ‘22
1216 2826 1453 2883 coeperint
1491 2827 1534 2869 V
1564 2827 1570 2883 Ι
1607 2825 1761 2869 caules
1801 2825 1883 2881 V²‚

198 2886 313 2929 culis
348 2886 425 2933 Ft
454 2885 692 2941 prosulcas
729 2886 767 2928 G
806 2890 819 2940 11
856 2891 909 2928 23
944 2885 1012 2928 ita
1045 2900 1126 2930 om.
1162 2887 1312 2943 iacys
1340 2889 1344 2941 Ι
1375 2899 1506 2929 811008
1547 2886 1605 2940 V,
1651 2885 1804 2928 sulcus
1837 2884 1887 2928 Ε
