2072 3145
498 778 739 838 LIBER
786 777 1152 848 QVARTVS
1198 777 1546 838 DECIMVS

956 883 1088 927 SIVE

761 975 857 1027 DE
898 974 1292 1028 INSITIONE.

297 1203 399 1256 AD
439 1202 892 1257 PASlPHILVM
935 1203 1177 1287 VIRVM
1216 1202 1737 1257 DOOTISSIMVM.

132 1330 152 1362 5
288 1307 473 1360 Habes
530 1307 674 1360 aliud
723 1307 964 1361 indultae
1013 1308 1238 1360 fiduciae
1287 1308 1676 1361 testimonium.
1764 1328 1862 1378 pro

177 1400 342 1434 usura
395 1382 656 1451 temporis
711 1382 815 1435 hoc
872 1400 1005 1450 opus
1063 1383 1125 1434 de
1182 1386 1296 1434 arte
1351 1381 1625 1435 insitionis
1679 1383 1861 1436 adieci.

179 1456 271 1508 sed
319 1457 462 1524 quod
508 1456 787 1508 uolumina
833 1456 966 1509 haec
1012 1456 1153 1508 ruris
1203 1456 1412 1509 colendi
1460 1457 1653 1525 serim,
1701 1475 1860 1525 quam

176 1530 438 1597 iusseraS,
486 1530 687 1598 scripta
728 1533 874 1593 sunt,
922 1530 1133 1582 librarii
1181 1549 1370 1582 manus
1412 1531 1628 1600 segnior
1669 1531 1860 1600 effecit,

178 1602 329 1656 cuius
362 1621 462 1673 ego
496 1604 814 1656 tarditatem
845 1623 1143 1672 numquam
1175 1605 1409 1674 maligne
1450 1605 1694 1657 aestimo·
1757 1605 1861 1657 exi-

106 1699 152 1733 ιο
177 1677 340 1730 stimo
398 1677 562 1745 enim,
612 1696 716 1746 quo
772 1678 1080 1746 frequenter
1132 1679 1356 1730 inclinet
1412 1679 1629 1748 argutia
1683 1697 1860 1732 seruo-

175 1770 308 1803 rum.
366 1752 510 1804 malo
545 1770 765 1820 operam
799 1752 911 1803 eius
939 1755 1218 1820 expectare
1243 1752 1425 1820 potius
1460 1771 1621 1821 quam
1652 1753 1857 1806 timere.

173 1825 372 1891 nescio,
403 1828 586 1877 utrum
611 1844 892 1878 commune
927 1827 999 1878 sit
1032 1825 1285 1878 dominis:
1319 1824 1453 1878 mihi
1485 1826 1701 1880 difficile
1735 1845 1855 1881 con-

174 1899 342 1968 tingit
381 1899 439 1951 in
478 1898 765 1952 seruilibus
805 1899 1038 1969 ingeniis
1079 1900 1320 1953 inuenire
1360 1901 1693 1969 temperiem.
1777 1902 1857 1954 ita

174 1972 490 2042 saepissime
546 1978 744 2026 natura
797 1973 929 2026 haec
975 1974 1136 2025 uitiat
1191 1975 1555 2042 commodum,
1610 1975 1656 2027 si
1711 1976 1856 2044 quod

105 2067 149 2102 15
175 2050 271 2113 est,
312 2050 366 2099 et
406 2047 599 2100 miscet
640 2048 877 2116 optanda
917 2047 1217 2101 contrariis,
1280 2048 1542 2101 uelocitas
1581 2050 1855 2117 procurrit

172 2120 231 2172 in
269 2120 500 2174 facinus:
543 2122 801 2191 segnities
841 2122 1073 2190 figuram
1120 2122 1474 2191 benignitatis
1513 2122 1762 2175 imitatur
1802 2128 1856 2176 et

172 2197 385 2247 tantum
432 2195 633 2248 recedit
681 2196 747 2247 ab
798 2195 1064 2264 agilitate,
1112 2201 1374 2264 quantum
1414 2197 1638 2250 recessit
1677 2216 1708 2248 a
1747 2216 1856 2250 sce-

292 2359 315 2397 l
361 2354 565 2398 Palladii
607 2354 776 2398 Rutilii
816 2355 957 2397 Tauri
1003 2355 1059 2399 de
1101 2355 1325 2399 Insitione
1367 2356 1508 2399 Liber
1538 2357 1603 2412 A,
1648 2356 1851 2413 Palladij

169 2412 338 2469 Rutilij
383 2414 526 2456 Tauri
571 2413 809 2457 aemiliani
854 2415 914 2457 ad
953 2414 1212 2458 Pastellum
1253 2416 1309 2458 de
1348 2415 1572 2458 Insitione
1615 2415 1755 2459 Liber
1785 2417 1850 2469 Η,

169 2472 376 2515 Palladii
418 2473 476 2516 de
521 2475 618 2516 arte
661 2473 895 2516 insitionis
939 2473 1147 2517 Libellus
1191 2474 1259 2529 D,
1304 2474 1586 2517 PALLADE
1626 2474 1853 2518 RUTILH

169 2531 358 2574 TAURI
379 2531 703 2575 AEMILIAM
726 2532 804 2575 DE
837 2532 1142 2576 INSITIONE
1174 2533 1355 2576 LIBER
1378 2533 1460 2576 AD
1485 2533 1854 2578 PASIPHILUM

167 2589 223 2634 V.
256 2590 311 2634 D.
347 2590 393 2645 C,
426 2590 629 2648 Palladjj
662 2591 828 2647 Rutilij
856 2591 997 2634 Tauri
1028 2592 1249 2648 Emilianj
1285 2592 1341 2635 de
1372 2592 1599 2636 Insitione
1632 2593 1851 2636 arborum

169 2662 357 2692 carmen
390 2649 451 2692 ad
481 2650 770 2707 Pasiphilum
803 2650 952 2693 virum
985 2651 1304 2695 doctissimum
1337 2653 1381 2694 B
1406 2654 1420 2708 ΙΙ
1452 2657 1476 2695 5
1509 2651 1852 2695 Habes—con-

166 2708 343 2764 pendia
374 2721 455 2752 om.
481 2710 574 2752 AB
614 2712 618 2766 Ι
662 2709 829 2753 fiducie
863 2710 925 2765 H,
960 2710 1069 2753 fidei
1093 2712 1224 2755 ceteri
1262 2713 1276 2767 ΙΙ
1323 2716 1348 2754 6
1380 2711 1468 2754 hoc
1501 2725 1615 2768 opus
1646 2710 1736 2754 tibi
1765 2725 1850 2767 pro

167 2781 309 2810 usura
345 2767 567 2824 temporis
598 2768 668 2812 De
700 2771 769 2824 D,
818 2783 932 2825 opus
972 2769 1062 2812 tibi
1102 2770 1158 2813 de
1203 2772 1302 2813 arte
1333 2770 1391 2812 H
1431 2772 1445 2826 ΙΙ
1500 2774 1524 2813 8
1556 2769 1669 2813 fecit
1700 2784 1850 2814 omnes

160 2832 344 2882 praeter
374 2827 490 2870 DH
507 2829 521 2883 Η
546 2832 570 2871 9
606 2827 818 2871 existimo
844 2829 906 2883 D,
941 2828 1111 2872 extimo
1136 2830 1193 2871 H
1197 2831 1227 2882 i,
1262 2828 1357 2872 scio
1390 2830 1522 2873 ceteri
1559 2831 1573 2885 ΙΙ
1615 2833 1668 2872 10
1704 2843 1849 2886 angu-

168 2884 259 2928 stia
282 2886 332 2929 D
361 2885 365 2942 Ι
400 2884 680 2930 famulorum
713 2901 861 2931 omnes
885 2889 1197 2943 praeterDH
1215 2890 1228 2943 11
1256 2893 1306 2930 11
1343 2902 1482 2944 opera
1506 2888 1621 2933 DH
1649 2888 1655 2947 1
1691 2887 1847 2944 potius

167 2957 250 2988 om.
271 2944 329 2988 H
362 2947 376 3001 Η
418 2949 470 2987 12
505 2945 703 3003 contigit
735 2961 883 2990 omnes
909 2953 1089 3002 praeter
1120 2948 1234 2990 DH
1252 2950 1265 3003 Η
1293 2953 1346 2990 14
1380 2947 1534 3002 siquid
1566 2949 1585 2990 i

1896 1830 1930 1882 [0
