2014 3169
118 410 164 462 V

207 143 232 191 1
245 140 312 191 74
905 135 1187 178 PALLADII

857 299 955 353 DE
996 297 1235 352 POMIS.

315 406 434 459 Hoc
476 406 641 458 etiam
681 423 862 456 mense
902 422 1084 455 ramus
1124 403 1329 472 punici.
1378 403 1517 455 sicut
1557 420 1719 470 supra
1758 401 1889 454 dixi-

202 501 346 548 mus,
385 479 589 548 poterit
629 479 773 530 intra
811 478 976 531 fictile
1017 478 1299 530 uasculum
1338 476 1528 543 claudi,
1566 480 1628 527 ut
1668 476 1734 527 ad
1773 475 1886 528 eius

204 554 634 625 magnitudinem
680 571 843 621 poma
888 553 1159 604 restituat.
1243 568 1385 603 nunc
1432 550 1552 619 pira
1597 550 1685 602 uel
1732 550 1886 615 mela,

202 629 296 682 ubi
343 646 522 680 ramos
563 628 736 679 multa
773 645 936 696 poma
961 626 1299 692 densabunt,
1347 624 1721 694 interlegenda
1760 627 1888 675 sunt
1934 643 1955 675 5

205 721 572 772 quaecumque
612 701 836 764 uitiosa,
874 704 936 752 ut
978 718 1159 768 sucus,
1202 700 1295 768 qui
1333 700 1547 768 ingrate
1585 698 1672 750 his
1711 697 1887 767 possit

202 778 437 846 inpendi,
479 776 545 828 ad
585 775 811 828 meliora
850 778 1110 827 uertatur.
1183 774 1287 826 hoc
1328 773 1491 825 etiam
1533 790 1714 824 mense
1752 771 1884 824 locis

202 851 414 921 frigidis
455 850 687 919 zizyfum
728 867 903 901 serere
943 850 1259 918 poterimus,
1320 865 1462 899 nunc
1500 845 1886 915 caprificandae

203 935 329 978 sunt
369 926 589 977 arbores
629 925 739 992 fici,
780 924 920 975 sicut
959 925 1015 974 in
1056 923 1168 974 eius
1208 921 1548 974 narrauimus
1590 919 1886 988 disciplina.

203 1000 371 1068 aliqui
419 1017 507 1052 eas
550 1004 604 1051 et
642 998 746 1051 hoc
787 1015 967 1049 mense
1007 998 1267 1049 inserunt.
1343 995 1477 1048 locis
1517 994 1731 1064 frigidis
1769 1011 1884 1062 per·
1910 1014 1954 1045 10

203 1074 344 1126 sicus
391 1074 721 1141 inoculatur,
775 1072 986 1140 palmae
1041 1072 1229 1139 planta
1285 1068 1708 1127 circumfoditur.
1783 1068 1887 1119 hoc

201 1167 382 1200 mense
422 1148 510 1199 uel
549 1147 682 1199 iulio
724 1147 1027 1199 celebratur
1066 1145 1254 1197 insitio
1295 1144 1352 1195 in
1389 1142 1589 1212 pomiS‚
1632 1160 1768 1211 quae
1807 1141 1886 1193 in-

202 1223 491 1290 plastratio
544 1221 755 1275 dicitur.
835 1220 964 1273 solis
1022 1219 1305 1272 arboribus
1363 1217 1635 1284 conuenit,
1691 1216 1886 1285 quibus

201 1297 419 1367 pinguis
461 1313 619 1348 sucus
660 1296 716 1348 in
757 1296 956 1348 cortice
998 1298 1096 1362 est,
1135 1297 1196 1345 ut
1235 1293 1352 1345 ficis
1394 1295 1447 1344 et
1484 1291 1616 1344 oleis
1651 1308 1712 1343 ac
1745 1289 1888 1342 simi-

200 1371 358 1439 libus,
397 1376 458 1422 ut
497 1370 766 1422 Martialis
801 1369 948 1436 dicit,
989 1372 1042 1420 et
1073 1368 1298 1436 persico
1360 1367 1424 1418 fit
1457 1369 1638 1418 autem
1672 1364 1761 1418 sic.
1819 1382 1882 1416 ex
1910 1384 1951 1417 15

200 1446 431 1497 nouellis
473 1445 639 1496 ramis
680 1448 734 1496 et
771 1444 960 1496 nitidis
1003 1461 1061 1495 ac
1103 1442 1372 1494 feracibus
1414 1458 1709 1510 gemmam,
1749 1457 1885 1508 quae

202 1520 336 1572 bene
379 1519 659 1587 adparebit
702 1519 814 1570 sine
857 1517 1019 1569 dubio
1061 1534 1401 1585 processura,
1449 1515 1658 1566 duobus
1699 1512 1886 1582 digitis

203 1593 479 1661 quadratis
522 1592 984 1662 circumsignabis‚
1027 1595 1088 1642 ut
1127 1592 1247 1659 ipsa
1287 1593 1559 1642 statuatur
1598 1588 1655 1640 in
1694 1586 1887 1655 medi0‚

203 1672 257 1720 et
303 1668 381 1719 ita
430 1666 707 1719 subtiliter
756 1667 1013 1719 corticem
1053 1665 1258 1717 leuabis
1301 1663 1616 1715 acutissimo
1659 1662 1886 1730 scalpro,

200 1761 266 1794 ne
315 1748 529 1812 gemma
569 1742 828 1793 laedatur.
905 1740 1038 1792 item
1078 1757 1142 1790 ex
1182 1757 1243 1790 ea
1283 1739 1489 1804 arbore,
1530 1736 1616 1788 cui
1655 1736 1885 1788 uelimus
1912 1756 1954 1787 20

200 1816 457 1884 inserere,
515 1815 765 1868 similiter
821 1833 940 1867 cum
999 1831 1214 1883 gemma
1267 1813 1491 1865 tolletur
1545 1810 1886 1878 inplastrum,

199 1891 373 1942 nitido
414 1894 596 1943 tamen
639 1893 797 1959 atque
837 1888 991 1941 uberi
1031 1889 1163 1940 loco,
1228 1891 1356 1939 tunc
1397 1885 1473 1937 ibi
1507 1884 1888 1938 conuenienter

203 1965 528 2034 astringitur
577 1968 629 2016 et
675 1982 923 2032 pressum
972 1963 1113 2015 circa
1161 1979 1433 2031 gemmam
1471 1959 1702 2011 uinculis
1745 1957 1887 2027 cogi-

202 2043 290 2091 tur
331 2039 444 2091 sine
487 2038 744 2108 germinis
785 2038 1022 2090 laesione
1064 2036 1365 2103 cohaerere,
1407 2037 1469 2086 ut
1509 2052 1585 2099 ea,
1626 2051 1760 2101 quae
1802 2032 1887 2084 ad-

201 2114 411 2182 positae
445 2113 700 2179 redditur,
732 2112 912 2164 locum
947 2129 1191 2181 gemmae
1223 2108 1419 2178 prioris
1445 2107 1704 2160 includat.
1756 2110 1885 2158 tunc
1911 2127 1952 2158 25

201 2188 319 2239 luto
362 2187 662 2255 superlines
705 2189 758 2237 et
793 2186 1021 2238 liberam
1055 2203 1326 2255 gemmam
1358 2182 1643 2250 relinques,
1704 2198 1885 2232 ramos

203 2262 505 2330 superiores
541 2261 654 2312 eius
689 2261 898 2312 arboris
925 2259 1133 2312 secabis
1160 2277 1219 2311 ac
1245 2260 1442 2326 stirpes
1469 2274 1529 2308 ac
1553 2254 1754 2324 uiginti
1778 2272 1884 2306 uno

320 2411 345 2449 3
387 2420 470 2449 uas
505 2406 626 2449 sicut
658 2405 857 2448 diximus
899 2405 1054 2448 claudi
1091 2405 1132 2449 G
1170 2407 1184 2461 ΙΙ
1222 2409 1249 2447 4
1281 2402 1434 2446 maela
1467 2402 1520 2457 S,
1561 2400 1687 2444 mala
1719 2400 1886 2443 FEia

201 2481 287 2523 cys
311 2469 325 2522 ΙΙ
351 2472 375 2509 6
407 2468 566 2522 posset
591 2480 740 2510 omnes
764 2468 777 2521 ΙΙ
804 2470 826 2508 7
859 2465 912 2507 In
935 2465 1023 2508 hoc
1046 2466 1064 2507 i
1088 2467 1102 2521 ΙΙ
1126 2469 1151 2507 8
1186 2462 1385 2519 zizyfum
1410 2461 1562 2518 PQS,
1596 2459 1808 2516 zyzyfum
1833 2459 1885 2514 V,

201 2525 388 2568 zizifum
427 2526 477 2568 E
488 2525 575 2579 Gi,
625 2524 855 2581 ziziphum
895 2526 1025 2568 ceteri
1075 2526 1080 2579 Ι
1133 2536 1253 2566 serre
1298 2522 1335 2578 Q
1386 2524 1390 2577 Ι
1443 2519 1755 2577 aprificandae
1796 2518 1840 2562 V
1869 2518 1886 2576 ΙΙ

202 2591 225 2628 9
258 2584 551 2628 narrabimus
586 2585 628 2627 V
647 2587 660 2640 Η
688 2589 740 2627 12
774 2583 850 2626 uel
882 2597 963 2626 om.
994 2584 1036 2627 G-
1064 2584 1069 2641 Ι
1098 2579 1427 2640 inpalastratio
1462 2580 1519 2636 F,
1562 2575 1885 2635 emplastratio

201 2646 297 2688 edd.
324 2647 339 2701 ΙΙ
365 2649 417 2688 13
452 2643 698 2687 conuenire
724 2658 760 2700 p
798 2646 812 2700 Η
853 2648 906 2685 14
941 2642 1159 2686 corticem
1192 2642 1270 2698 El
1307 2642 1376 2683 est
1408 2654 1488 2683 om.
1518 2640 1568 2682 E
1602 2642 1616 2695 ΙΙ
1655 2642 1711 2680 20
1742 2635 1885 2694 gesti-

200 2718 301 2747 mus
329 2718 394 2759 ps
417 2706 431 2758 ΙΙ
458 2709 509 2746 21
544 2703 736 2746 tolletur
768 2717 872 2746 cum
904 2715 1089 2758 gemma
1113 2702 1163 2744 E
1188 2703 1193 2758 Ι
1223 2699 1525 2756 emplastrum
1552 2699 1649 2743 edd.
1676 2699 1690 2753 ΙΙ
1715 2701 1769 2738 22
1803 2694 1884 2737 Ni-

200 2763 352 2805 tidum
384 2763 433 2806 E
476 2766 490 2819 Η
538 2768 591 2806 23
634 2761 938 2819 et-cogitur
970 2775 1052 2804 om.
1084 2761 1121 2817 Q
1160 2763 1174 2817 11
1214 2764 1270 2803 24
1304 2758 1518 2815 apposita
1554 2757 1596 2801 G
1634 2759 1648 2814 ΙΙ
1695 2760 1750 2798 25
1782 2756 1884 2797 tum

210 2822 413 2877 VSFG‚
447 2824 605 2865 tamen
633 2837 667 2877 p
712 2825 726 2877 Η
774 2826 828 2864 26
863 2834 1001 2877 super
1031 2819 1222 2877 perlinis
1254 2821 1293 2874 i,
1328 2831 1463 2874 super
1495 2816 1603 2860 linis
1629 2830 1685 2872 p,
1727 2826 1885 2870 super-

201 2881 308 2924 linis
341 2883 472 2925 ceteri
514 2883 518 2938 l
561 2881 786 2937 relinquis
821 2881 870 2924 E
912 2883 926 2937 11
974 2885 1027 2924 27
1065 2893 1169 2923 seca
1201 2878 1250 2922 Ε
1289 2880 1294 2934 1
1338 2880 1384 2921 et
1418 2878 1476 2920 ab
1509 2890 1600 2920 uno
1633 2877 1680 2918 et
1710 2871 1884 2930 uiginti

203 2956 346 2998 (ceys,
381 2944 427 2984 et
460 2955 549 2984 uno
586 2942 626 2984 T
