<?xml version="1.0" encoding="UTF-8"?>
<!DOCTYPE html PUBLIC "-//W3C//DTD XHTML 1.0 Transitional//EN"
    "http://www.w3.org/TR/xhtml1/DTD/xhtml1-transitional.dtd">
<html xmlns="http://www.w3.org/1999/xhtml" xml:lang="en" lang="en">
 <head>
  <title>
</title>
<meta http-equiv="Content-Type" content="text/html;charset=utf-8" />
  <meta name='ocr-system' content='tesseract 3.04.00' />
  <meta name='ocr-capabilities' content='ocr_page ocr_carea ocr_par ocr_line ocrx_word'/>
</head>
<body>
  <div class='ocr_page' id='page_1' title='image "./palladiirvtiliit00palluoft_0206.png"; bbox 0 0 2014 3169; ppageno 0'>
   <div class='ocr_carea' id='block_1_1' title="bbox 212 126 1188 180">
    <p class='ocr_par' dir='ltr' id='par_1_1' title="bbox 212 126 1188 180">
     <span class='ocr_line' id='line_1_1' title="bbox 212 126 1188 180; baseline -0.012 0"><span class='ocrx_word' id='word_1_1' title='bbox 212 128 318 180; x_wconf 81' lang='lat'>184</span> <span class='ocrx_word' id='word_1_2' title='bbox 908 126 1188 170; x_wconf 74' lang='lat' dir='ltr'><strong>PALLADE</strong></span> 
     </span>
    </p>
   </div>
   <div class='ocr_carea' id='block_1_2' title="bbox 211 245 1885 390">
    <p class='ocr_par' dir='ltr' id='par_1_2' title="bbox 211 245 1885 390">
     <span class='ocr_line' id='line_1_2' title="bbox 211 245 1885 317; baseline -0.002 -16"><span class='ocrx_word' id='word_1_3' title='bbox 211 249 388 302; x_wconf 89' lang='lat' dir='ltr'>medio</span> <span class='ocrx_word' id='word_1_4' title='bbox 426 247 636 317; x_wconf 89' lang='lat' dir='ltr'>palmae</span> <span class='ocrx_word' id='word_1_5' title='bbox 675 247 863 316; x_wconf 91' lang='lat' dir='ltr'>planto</span> <span class='ocrx_word' id='word_1_6' title='bbox 900 245 1228 299; x_wconf 81' lang='lat' dir='ltr'>circumfodi.</span> <span class='ocrx_word' id='word_1_7' title='bbox 1289 264 1430 299; x_wconf 85' lang='lat' dir='ltr'>nunc</span> <span class='ocrx_word' id='word_1_8' title='bbox 1462 247 1593 299; x_wconf 90' lang='lat' dir='ltr'>locis</span> <span class='ocrx_word' id='word_1_9' title='bbox 1626 250 1885 314; x_wconf 89' lang='lat' dir='ltr'>tempera-</span> 
     </span>
     <span class='ocr_line' id='line_1_3' title="bbox 212 321 1470 390; baseline -0.002 -15"><span class='ocrx_word' id='word_1_10' title='bbox 212 323 284 375; x_wconf 88' lang='lat' dir='ltr'>tis</span> <span class='ocrx_word' id='word_1_11' title='bbox 327 322 612 390; x_wconf 83' lang='lat' dir='ltr'>amygdala</span> <span class='ocrx_word' id='word_1_12' title='bbox 651 325 864 373; x_wconf 90' lang='lat' dir='ltr'>matura</span> <span class='ocrx_word' id='word_1_13' title='bbox 903 324 1029 372; x_wconf 89' lang='lat' dir='ltr'>sunt</span> <span class='ocrx_word' id='word_1_14' title='bbox 1069 321 1133 372; x_wconf 93' lang='lat' dir='ltr'>ad</span> <span class='ocrx_word' id='word_1_15' title='bbox 1172 321 1470 389; x_wconf 90' lang='lat' dir='ltr'>legendum.</span> 
     </span>
    </p>
   </div>
   <div class='ocr_carea' id='block_1_3' title="bbox 781 511 1315 565">
    <p class='ocr_par' dir='ltr' id='par_1_3' title="bbox 781 511 1315 565">
     <span class='ocr_line' id='line_1_4' title="bbox 781 511 1315 565; baseline -0.004 0"><span class='ocrx_word' id='word_1_16' title='bbox 781 512 879 565; x_wconf 87' lang='lat' dir='ltr'>DE</span> <span class='ocrx_word' id='word_1_17' title='bbox 921 511 1315 564; x_wconf 79' lang='lat' dir='ltr'><strong>ARMENTIS.</strong></span> 
     </span>
    </p>
   </div>
   <div class='ocr_carea' id='block_1_4' title="bbox 127 614 1888 685">
    <p class='ocr_par' dir='ltr' id='par_1_4' title="bbox 127 614 1888 685">
     <span class='ocr_line' id='line_1_5' title="bbox 127 614 1888 685; baseline -0.001 -16"><span class='ocrx_word' id='word_1_18' title='bbox 127 616 239 669; x_wconf 79' lang='lat' dir='ltr'>IIII</span> <span class='ocrx_word' id='word_1_19' title='bbox 352 617 470 670; x_wconf 88' lang='lat' dir='ltr'>Hoc</span> <span class='ocrx_word' id='word_1_20' title='bbox 518 620 759 685; x_wconf 88' lang='lat' dir='ltr'>tempore</span> <span class='ocrx_word' id='word_1_21' title='bbox 808 616 1037 667; x_wconf 80' lang='lat' dir='ltr'><strong>maxime</strong></span> <span class='ocrx_word' id='word_1_22' title='bbox 1085 616 1255 667; x_wconf 90' lang='lat' dir='ltr'>tauris</span> <span class='ocrx_word' id='word_1_23' title='bbox 1305 614 1716 667; x_wconf 72' lang='lat' dir='ltr'>summittendae</span> <span class='ocrx_word' id='word_1_24' title='bbox 1765 619 1888 668; x_wconf 88' lang='lat' dir='ltr'>sunt</span> 
     </span>
    </p>
   </div>
   <div class='ocr_carea' id='block_1_5' title="bbox 146 1358 180 1409">
    <p class='ocr_par' dir='ltr' id='par_1_5' title="bbox 146 1358 180 1409">
     <span class='ocr_line' id='line_1_6' title="bbox 146 1358 180 1409; baseline 0 0"><span class='ocrx_word' id='word_1_25' title='bbox 146 1358 180 1409; x_wconf 79' lang='lat'>2</span> 
     </span>
    </p>
   </div>
   <div class='ocr_carea' id='block_1_6' title="bbox 217 689 1963 2240">
    <p class='ocr_par' dir='ltr' id='par_1_6' title="bbox 217 689 1963 2240">
     <span class='ocr_line' id='line_1_7' title="bbox 218 689 1956 760; baseline 0 -17"><span class='ocrx_word' id='word_1_26' title='bbox 218 709 427 760; x_wconf 86' lang='lat' dir='ltr'>uaccae,</span> <span class='ocrx_word' id='word_1_27' title='bbox 468 690 592 759; x_wconf 90' lang='lat' dir='ltr'>quia</span> <span class='ocrx_word' id='word_1_28' title='bbox 625 691 806 742; x_wconf 88' lang='lat' dir='ltr'>decem</span> <span class='ocrx_word' id='word_1_29' title='bbox 838 708 1082 741; x_wconf 90' lang='lat' dir='ltr'>mensum</span> <span class='ocrx_word' id='word_1_30' title='bbox 1114 693 1300 758; x_wconf 88' lang='lat' dir='ltr'>partus</span> <span class='ocrx_word' id='word_1_31' title='bbox 1335 690 1411 742; x_wconf 89' lang='lat' dir='ltr'>sic</span> <span class='ocrx_word' id='word_1_32' title='bbox 1443 689 1645 758; x_wconf 89' lang='lat' dir='ltr'>poterit</span> <span class='ocrx_word' id='word_1_33' title='bbox 1677 692 1885 742; x_wconf 87' lang='lat' dir='ltr'>maturo</span> <span class='ocrx_word' id='word_1_34' title='bbox 1935 710 1956 743; x_wconf 85' lang='lat'>5</span> 
     </span>
     <span class='ocr_line' id='line_1_8' title="bbox 217 763 1889 833; baseline -0.001 -16"><span class='ocrx_word' id='word_1_35' title='bbox 217 784 342 817; x_wconf 92' lang='lat' dir='ltr'>uere</span> <span class='ocrx_word' id='word_1_36' title='bbox 384 763 647 817; x_wconf 90' lang='lat' dir='ltr'>concludi:</span> <span class='ocrx_word' id='word_1_37' title='bbox 688 768 742 816; x_wconf 91' lang='lat' dir='ltr'>et</span> <span class='ocrx_word' id='word_1_38' title='bbox 783 768 987 815; x_wconf 90' lang='lat' dir='ltr'>certum</span> <span class='ocrx_word' id='word_1_39' title='bbox 1028 767 1108 814; x_wconf 89' lang='lat' dir='ltr'>est</span> <span class='ocrx_word' id='word_1_40' title='bbox 1142 782 1229 815; x_wconf 87' lang='lat' dir='ltr'>eas</span> <span class='ocrx_word' id='word_1_41' title='bbox 1262 767 1387 831; x_wconf 85' lang='lat' dir='ltr'>post</span> <span class='ocrx_word' id='word_1_42' title='bbox 1417 782 1639 815; x_wconf 85' lang='lat' dir='ltr'>uernam</span> <span class='ocrx_word' id='word_1_43' title='bbox 1670 763 1889 833; x_wconf 88' lang='lat' dir='ltr'>pingue·</span> 
     </span>
     <span class='ocr_line' id='line_1_9' title="bbox 218 837 1888 908; baseline -0.001 -18"><span class='ocrx_word' id='word_1_44' title='bbox 218 840 399 891; x_wconf 89' lang='lat' dir='ltr'>dinem</span> <span class='ocrx_word' id='word_1_45' title='bbox 439 839 732 908; x_wconf 71' lang='lat' dir='ltr'>gestientes</span> <span class='ocrx_word' id='word_1_46' title='bbox 773 837 983 890; x_wconf 89' lang='lat' dir='ltr'>ueneris</span> <span class='ocrx_word' id='word_1_47' title='bbox 1025 856 1203 889; x_wconf 90' lang='lat' dir='ltr'>amare</span> <span class='ocrx_word' id='word_1_48' title='bbox 1244 837 1537 890; x_wconf 86' lang='lat' dir='ltr'>lasciuiam.</span> <span class='ocrx_word' id='word_1_49' title='bbox 1599 838 1691 889; x_wconf 88' lang='lat' dir='ltr'>uni</span> <span class='ocrx_word' id='word_1_50' title='bbox 1733 841 1888 889; x_wconf 91' lang='lat' dir='ltr'>tauro</span> 
     </span>
     <span class='ocr_line' id='line_1_10' title="bbox 220 910 1889 981; baseline -0.001 -17"><span class='ocrx_word' id='word_1_51' title='bbox 220 913 525 981; x_wconf 89' lang='lat' dir='ltr'>quindecim</span> <span class='ocrx_word' id='word_1_52' title='bbox 578 931 767 965; x_wconf 86' lang='lat' dir='ltr'>uaccas</span> <span class='ocrx_word' id='word_1_53' title='bbox 823 910 1122 964; x_wconf 84' lang='lat' dir='ltr'>Columella</span> <span class='ocrx_word' id='word_1_54' title='bbox 1180 912 1380 964; x_wconf 82' lang='lat' dir='ltr'>adserit</span> <span class='ocrx_word' id='word_1_55' title='bbox 1433 930 1590 980; x_wconf 90' lang='lat' dir='ltr'>posse</span> <span class='ocrx_word' id='word_1_56' title='bbox 1647 911 1889 964; x_wconf 86' lang='lat' dir='ltr'>sufficere</span> 
     </span>
     <span class='ocr_line' id='line_1_11' title="bbox 220 985 1890 1056; baseline -0.001 -17"><span class='ocrx_word' id='word_1_57' title='bbox 220 988 633 1055; x_wconf 89' lang='lat' dir='ltr'>curandumque,</span> <span class='ocrx_word' id='word_1_58' title='bbox 663 1004 730 1038; x_wconf 92' lang='lat' dir='ltr'>ne</span> <span class='ocrx_word' id='word_1_59' title='bbox 765 985 1042 1054; x_wconf 81' lang='lat' dir='ltr'>concipere</span> <span class='ocrx_word' id='word_1_60' title='bbox 1073 989 1344 1053; x_wconf 88' lang='lat' dir='ltr'>nequeant</span> <span class='ocrx_word' id='word_1_61' title='bbox 1368 986 1647 1037; x_wconf 81' lang='lat' dir='ltr'>nimietate</span> <span class='ocrx_word' id='word_1_62' title='bbox 1672 985 1890 1056; x_wconf 85' lang='lat' dir='ltr'>pingue-</span> 
     </span>
     <span class='ocr_line' id='line_1_12' title="bbox 219 1058 1960 1128; baseline -0.001 -15"><span class='ocrx_word' id='word_1_63' title='bbox 219 1061 373 1113; x_wconf 89' lang='lat' dir='ltr'>dinis.</span> <span class='ocrx_word' id='word_1_64' title='bbox 435 1061 480 1112; x_wconf 90' lang='lat' dir='ltr'>si</span> <span class='ocrx_word' id='word_1_65' title='bbox 522 1060 851 1111; x_wconf 87' lang='lat' dir='ltr'>abundantia</span> <span class='ocrx_word' id='word_1_66' title='bbox 889 1058 1074 1127; x_wconf 85' lang='lat' dir='ltr'>pabuli</span> <span class='ocrx_word' id='word_1_67' title='bbox 1114 1062 1196 1111; x_wconf 89' lang='lat' dir='ltr'>est</span> <span class='ocrx_word' id='word_1_68' title='bbox 1226 1060 1283 1111; x_wconf 94' lang='lat' dir='ltr'>in</span> <span class='ocrx_word' id='word_1_69' title='bbox 1315 1060 1548 1128; x_wconf 79' lang='lat' dir='ltr'>regione,</span> <span class='ocrx_word' id='word_1_70' title='bbox 1589 1078 1694 1127; x_wconf 89' lang='lat' dir='ltr'>qua</span> <span class='ocrx_word' id='word_1_71' title='bbox 1724 1059 1885 1128; x_wconf 85' lang='lat' dir='ltr'>pasci·</span> <span class='ocrx_word' id='word_1_72' title='bbox 1917 1080 1960 1112; x_wconf 83' lang='lat'>10</span> 
     </span>
     <span class='ocr_line' id='line_1_13' title="bbox 218 1133 1891 1204; baseline -0.002 -17"><span class='ocrx_word' id='word_1_73' title='bbox 218 1153 352 1203; x_wconf 91' lang='lat' dir='ltr'>mus,</span> <span class='ocrx_word' id='word_1_74' title='bbox 384 1138 568 1204; x_wconf 90' lang='lat' dir='ltr'>potest</span> <span class='ocrx_word' id='word_1_75' title='bbox 601 1135 753 1186; x_wconf 90' lang='lat' dir='ltr'>annis</span> <span class='ocrx_word' id='word_1_76' title='bbox 789 1135 1037 1185; x_wconf 87' lang='lat' dir='ltr'>omnibus</span> <span class='ocrx_word' id='word_1_77' title='bbox 1070 1134 1126 1185; x_wconf 90' lang='lat' dir='ltr'>in</span> <span class='ocrx_word' id='word_1_78' title='bbox 1157 1133 1390 1185; x_wconf 87' lang='lat' dir='ltr'>feturam</span> <span class='ocrx_word' id='word_1_79' title='bbox 1419 1152 1580 1187; x_wconf 87' lang='lat' dir='ltr'>uacca</span> <span class='ocrx_word' id='word_1_80' title='bbox 1604 1133 1891 1185; x_wconf 88' lang='lat' dir='ltr'>summitti:</span> 
     </span>
     <span class='ocr_line' id='line_1_14' title="bbox 219 1207 1894 1278; baseline -0.001 -18"><span class='ocrx_word' id='word_1_81' title='bbox 219 1209 265 1260; x_wconf 90' lang='lat' dir='ltr'>si</span> <span class='ocrx_word' id='word_1_82' title='bbox 297 1227 425 1261; x_wconf 92' lang='lat' dir='ltr'>uero</span> <span class='ocrx_word' id='word_1_83' title='bbox 459 1208 732 1278; x_wconf 87' lang='lat' dir='ltr'>indigetur</span> <span class='ocrx_word' id='word_1_84' title='bbox 762 1207 864 1260; x_wconf 91' lang='lat' dir='ltr'>hoc</span> <span class='ocrx_word' id='word_1_85' title='bbox 898 1225 1104 1277; x_wconf 79' lang='lat' dir='ltr'>genere,</span> <span class='ocrx_word' id='word_1_86' title='bbox 1147 1208 1367 1259; x_wconf 86' lang='lat' dir='ltr'>alternis</span> <span class='ocrx_word' id='word_1_87' title='bbox 1407 1207 1740 1276; x_wconf 86' lang='lat' dir='ltr'>temporibus</span> <span class='ocrx_word' id='word_1_88' title='bbox 1775 1226 1894 1260; x_wconf 91' lang='lat' dir='ltr'>one-</span> 
     </span>
     <span class='ocr_line' id='line_1_15' title="bbox 221 1281 1892 1351; baseline -0.001 -16"><span class='ocrx_word' id='word_1_89' title='bbox 221 1284 418 1335; x_wconf 89' lang='lat' dir='ltr'>randae</span> <span class='ocrx_word' id='word_1_90' title='bbox 453 1286 579 1334; x_wconf 91' lang='lat' dir='ltr'>sunt</span> <span class='ocrx_word' id='word_1_91' title='bbox 611 1282 962 1350; x_wconf 84' lang='lat' dir='ltr'>maximeque,</span> <span class='ocrx_word' id='word_1_92' title='bbox 1003 1281 1049 1333; x_wconf 91' lang='lat' dir='ltr'>si</span> <span class='ocrx_word' id='word_1_93' title='bbox 1083 1282 1296 1334; x_wconf 90' lang='lat' dir='ltr'>eaedem</span> <span class='ocrx_word' id='word_1_94' title='bbox 1328 1300 1520 1334; x_wconf 89' lang='lat' dir='ltr'>uaccae</span> <span class='ocrx_word' id='word_1_95' title='bbox 1554 1281 1713 1334; x_wconf 86' lang='lat' dir='ltr'>alicui</span> <span class='ocrx_word' id='word_1_96' title='bbox 1746 1282 1892 1351; x_wconf 91' lang='lat' dir='ltr'>operi</span> 
     </span>
     <span class='ocr_line' id='line_1_16' title="bbox 223 1355 1890 1409; baseline -0.002 0"><span class='ocrx_word' id='word_1_97' title='bbox 223 1358 429 1409; x_wconf 71' lang='lat' dir='ltr'>seruire·</span> <span class='ocrx_word' id='word_1_98' title='bbox 481 1360 820 1409; x_wconf 90' lang='lat' dir='ltr'>consuerunt.</span> <span class='ocrx_word' id='word_1_99' title='bbox 898 1355 1001 1408; x_wconf 89' lang='lat' dir='ltr'>hoc</span> <span class='ocrx_word' id='word_1_100' title='bbox 1051 1374 1232 1407; x_wconf 92' lang='lat' dir='ltr'>mense</span> <span class='ocrx_word' id='word_1_101' title='bbox 1285 1357 1479 1408; x_wconf 89' lang='lat' dir='ltr'>arietes</span> <span class='ocrx_word' id='word_1_102' title='bbox 1532 1356 1890 1408; x_wconf 87' lang='lat' dir='ltr'>candidissimi</span> 
     </span>
     <span class='ocr_line' id='line_1_17' title="bbox 219 1429 1962 1500; baseline -0.001 -17"><span class='ocrx_word' id='word_1_103' title='bbox 219 1430 452 1500; x_wconf 89' lang='lat' dir='ltr'>eligendi</span> <span class='ocrx_word' id='word_1_104' title='bbox 493 1434 546 1482; x_wconf 90' lang='lat' dir='ltr'>et</span> <span class='ocrx_word' id='word_1_105' title='bbox 586 1430 906 1482; x_wconf 90' lang='lat' dir='ltr'>admittendi</span> <span class='ocrx_word' id='word_1_106' title='bbox 946 1434 1071 1481; x_wconf 91' lang='lat' dir='ltr'>sunt</span> <span class='ocrx_word' id='word_1_107' title='bbox 1112 1430 1365 1482; x_wconf 87' lang='lat' dir='ltr'>mollibus</span> <span class='ocrx_word' id='word_1_108' title='bbox 1404 1430 1565 1493; x_wconf 87' lang='lat' dir='ltr'>laniS‚</span> <span class='ocrx_word' id='word_1_109' title='bbox 1602 1429 1659 1482; x_wconf 91' lang='lat' dir='ltr'>in</span> <span class='ocrx_word' id='word_1_110' title='bbox 1700 1430 1891 1498; x_wconf 82' lang='lat' dir='ltr'>quibus</span> <span class='ocrx_word' id='word_1_111' title='bbox 1923 1449 1962 1482; x_wconf 86' lang='lat'>15</span> 
     </span>
     <span class='ocr_line' id='line_1_18' title="bbox 217 1504 1891 1573; baseline -0.001 -16"><span class='ocrx_word' id='word_1_112' title='bbox 217 1523 328 1557; x_wconf 92' lang='lat' dir='ltr'>non</span> <span class='ocrx_word' id='word_1_113' title='bbox 390 1505 566 1556; x_wconf 89' lang='lat' dir='ltr'>solum</span> <span class='ocrx_word' id='word_1_114' title='bbox 629 1504 868 1573; x_wconf 87' lang='lat' dir='ltr'>corporis</span> <span class='ocrx_word' id='word_1_115' title='bbox 931 1504 1127 1556; x_wconf 88' lang='lat' dir='ltr'>candor</span> <span class='ocrx_word' id='word_1_116' title='bbox 1182 1504 1595 1556; x_wconf 89' lang='lat' dir='ltr'>considerandus</span> <span class='ocrx_word' id='word_1_117' title='bbox 1659 1508 1740 1556; x_wconf 88' lang='lat' dir='ltr'>est</span> <span class='ocrx_word' id='word_1_118' title='bbox 1803 1505 1891 1556; x_wconf 90' lang='lat' dir='ltr'>sed</span> 
     </span>
     <span class='ocr_line' id='line_1_19' title="bbox 219 1577 1894 1647; baseline -0.001 -16"><span class='ocrx_word' id='word_1_119' title='bbox 219 1578 386 1631; x_wconf 87' lang='lat' dir='ltr'>etiam</span> <span class='ocrx_word' id='word_1_120' title='bbox 425 1578 631 1647; x_wconf 88' lang='lat' dir='ltr'>lingua:</span> <span class='ocrx_word' id='word_1_121' title='bbox 682 1596 816 1646; x_wconf 90' lang='lat' dir='ltr'>quae</span> <span class='ocrx_word' id='word_1_122' title='bbox 858 1578 903 1630; x_wconf 89' lang='lat' dir='ltr'>si</span> <span class='ocrx_word' id='word_1_123' title='bbox 944 1577 1166 1630; x_wconf 88' lang='lat' dir='ltr'>maculis</span> <span class='ocrx_word' id='word_1_124' title='bbox 1209 1577 1530 1644; x_wconf 80' lang='lat' dir='ltr'>fuscabitur,</span> <span class='ocrx_word' id='word_1_125' title='bbox 1574 1579 1894 1630; x_wconf 87' lang='lat' dir='ltr'>uarietatem</span> 
     </span>
     <span class='ocr_line' id='line_1_20' title="bbox 220 1651 1892 1720; baseline -0.002 -15"><span class='ocrx_word' id='word_1_126' title='bbox 220 1654 407 1705; x_wconf 88' lang='lat' dir='ltr'>reddet</span> <span class='ocrx_word' id='word_1_127' title='bbox 447 1653 503 1704; x_wconf 93' lang='lat' dir='ltr'>in</span> <span class='ocrx_word' id='word_1_128' title='bbox 544 1652 743 1704; x_wconf 86' lang='lat' dir='ltr'>subole.</span> <span class='ocrx_word' id='word_1_129' title='bbox 808 1653 869 1703; x_wconf 92' lang='lat' dir='ltr'>de</span> <span class='ocrx_word' id='word_1_130' title='bbox 910 1651 1031 1704; x_wconf 89' lang='lat' dir='ltr'>albo</span> <span class='ocrx_word' id='word_1_131' title='bbox 1071 1652 1386 1720; x_wconf 90' lang='lat' dir='ltr'>plerumque</span> <span class='ocrx_word' id='word_1_132' title='bbox 1425 1652 1667 1705; x_wconf 88' lang='lat' dir='ltr'>nascitur</span> <span class='ocrx_word' id='word_1_133' title='bbox 1699 1653 1892 1705; x_wconf 92' lang='lat' dir='ltr'>coloris</span> 
     </span>
     <span class='ocr_line' id='line_1_21' title="bbox 221 1725 1894 1794; baseline -0.001 -15"><span class='ocrx_word' id='word_1_134' title='bbox 221 1727 467 1779; x_wconf 88' lang='lat' dir='ltr'>alterius:</span> <span class='ocrx_word' id='word_1_135' title='bbox 524 1727 584 1778; x_wconf 91' lang='lat' dir='ltr'>de</span> <span class='ocrx_word' id='word_1_136' title='bbox 634 1725 800 1779; x_wconf 85' lang='lat' dir='ltr'>fuscis</span> <span class='ocrx_word' id='word_1_137' title='bbox 846 1744 1160 1794; x_wconf 86' lang='lat' dir='ltr'>numquam,</span> <span class='ocrx_word' id='word_1_138' title='bbox 1217 1726 1355 1778; x_wconf 87' lang='lat' dir='ltr'>sicut</span> <span class='ocrx_word' id='word_1_139' title='bbox 1403 1725 1699 1779; x_wconf 82' lang='lat' dir='ltr'>Columella</span> <span class='ocrx_word' id='word_1_140' title='bbox 1750 1726 1894 1794; x_wconf 91' lang='lat' dir='ltr'>dicit,</span> 
     </span>
     <span class='ocr_line' id='line_1_22' title="bbox 220 1800 1963 1870; baseline -0.002 -16"><span class='ocrx_word' id='word_1_141' title='bbox 220 1805 404 1870; x_wconf 88' lang='lat' dir='ltr'>potest</span> <span class='ocrx_word' id='word_1_142' title='bbox 460 1801 612 1852; x_wconf 91' lang='lat' dir='ltr'>albus</span> <span class='ocrx_word' id='word_1_143' title='bbox 670 1801 851 1853; x_wconf 88' lang='lat' dir='ltr'>creari.</span> <span class='ocrx_word' id='word_1_144' title='bbox 936 1800 1196 1866; x_wconf 81' lang='lat' dir='ltr'>eligemus</span> <span class='ocrx_word' id='word_1_145' title='bbox 1253 1801 1475 1852; x_wconf 88' lang='lat' dir='ltr'>arietem</span> <span class='ocrx_word' id='word_1_146' title='bbox 1531 1800 1723 1869; x_wconf 87' lang='lat' dir='ltr'>altum,</span> <span class='ocrx_word' id='word_1_147' title='bbox 1775 1818 1892 1869; x_wconf 89' lang='lat' dir='ltr'>pro·</span> <span class='ocrx_word' id='word_1_148' title='bbox 1918 1820 1963 1851; x_wconf 82' lang='lat'>20</span> 
     </span>
     <span class='ocr_line' id='line_1_23' title="bbox 224 1874 1896 1943; baseline -0.001 -16"><span class='ocrx_word' id='word_1_149' title='bbox 224 1894 418 1943; x_wconf 87' lang='lat' dir='ltr'>cerum,</span> <span class='ocrx_word' id='word_1_150' title='bbox 458 1878 646 1927; x_wconf 91' lang='lat' dir='ltr'>uentre</span> <span class='ocrx_word' id='word_1_151' title='bbox 687 1875 954 1943; x_wconf 88' lang='lat' dir='ltr'>promisso</span> <span class='ocrx_word' id='word_1_152' title='bbox 997 1878 1050 1927; x_wconf 90' lang='lat' dir='ltr'>et</span> <span class='ocrx_word' id='word_1_153' title='bbox 1088 1875 1227 1926; x_wconf 88' lang='lat' dir='ltr'>lanis</span> <span class='ocrx_word' id='word_1_154' title='bbox 1263 1875 1499 1927; x_wconf 89' lang='lat' dir='ltr'>candidis</span> <span class='ocrx_word' id='word_1_155' title='bbox 1532 1877 1690 1939; x_wconf 88' lang='lat' dir='ltr'>tecto,</span> <span class='ocrx_word' id='word_1_156' title='bbox 1731 1874 1896 1927; x_wconf 88' lang='lat' dir='ltr'>cauda</span> 
     </span>
     <span class='ocr_line' id='line_1_24' title="bbox 221 1948 1896 2019; baseline -0.001 -18"><span class='ocrx_word' id='word_1_157' title='bbox 221 1949 563 2019; x_wconf 88' lang='lat' dir='ltr'>longissima,</span> <span class='ocrx_word' id='word_1_158' title='bbox 611 1949 827 2001; x_wconf 90' lang='lat' dir='ltr'>uelleris</span> <span class='ocrx_word' id='word_1_159' title='bbox 877 1949 1048 2016; x_wconf 92' lang='lat' dir='ltr'>densi,</span> <span class='ocrx_word' id='word_1_160' title='bbox 1096 1948 1272 2001; x_wconf 84' lang='lat' dir='ltr'>fronte</span> <span class='ocrx_word' id='word_1_161' title='bbox 1313 1949 1446 2017; x_wconf 87' lang='lat' dir='ltr'>lata,</span> <span class='ocrx_word' id='word_1_162' title='bbox 1494 1949 1705 2018; x_wconf 85' lang='lat' dir='ltr'>magnis</span> <span class='ocrx_word' id='word_1_163' title='bbox 1746 1948 1896 2000; x_wconf 89' lang='lat' dir='ltr'>testi-</span> 
     </span>
     <span class='ocr_line' id='line_1_25' title="bbox 222 2023 1895 2091; baseline -0.001 -15"><span class='ocrx_word' id='word_1_164' title='bbox 222 2024 346 2088; x_wconf 87' lang='lat' dir='ltr'>bus,</span> <span class='ocrx_word' id='word_1_165' title='bbox 395 2023 591 2075; x_wconf 85' lang='lat' dir='ltr'>aetatis</span> <span class='ocrx_word' id='word_1_166' title='bbox 641 2023 855 2091; x_wconf 85' lang='lat' dir='ltr'>trimae,</span> <span class='ocrx_word' id='word_1_167' title='bbox 904 2024 993 2091; x_wconf 89' lang='lat' dir='ltr'>qui</span> <span class='ocrx_word' id='word_1_168' title='bbox 1042 2027 1224 2075; x_wconf 85' lang='lat' dir='ltr'>tamen</span> <span class='ocrx_word' id='word_1_169' title='bbox 1262 2041 1430 2091; x_wconf 88' lang='lat' dir='ltr'>usque</span> <span class='ocrx_word' id='word_1_170' title='bbox 1469 2023 1526 2074; x_wconf 90' lang='lat' dir='ltr'>in</span> <span class='ocrx_word' id='word_1_171' title='bbox 1567 2026 1688 2075; x_wconf 89' lang='lat' dir='ltr'>octo</span> <span class='ocrx_word' id='word_1_172' title='bbox 1728 2040 1895 2074; x_wconf 86' lang='lat' dir='ltr'>annos</span> 
     </span>
     <span class='ocr_line' id='line_1_26' title="bbox 222 2096 1896 2166; baseline -0.001 -17"><span class='ocrx_word' id='word_1_173' title='bbox 222 2101 403 2166; x_wconf 85' lang='lat' dir='ltr'>potest</span> <span class='ocrx_word' id='word_1_174' title='bbox 458 2096 666 2148; x_wconf 88' lang='lat' dir='ltr'>utiliter</span> <span class='ocrx_word' id='word_1_175' title='bbox 720 2097 868 2149; x_wconf 91' lang='lat' dir='ltr'>inire.</span> <span class='ocrx_word' id='word_1_176' title='bbox 946 2096 1145 2149; x_wconf 86' lang='lat' dir='ltr'>femina</span> <span class='ocrx_word' id='word_1_177' title='bbox 1200 2097 1358 2149; x_wconf 87' lang='lat' dir='ltr'>debet</span> <span class='ocrx_word' id='word_1_178' title='bbox 1411 2097 1558 2148; x_wconf 89' lang='lat' dir='ltr'>bima</span> <span class='ocrx_word' id='word_1_179' title='bbox 1612 2097 1896 2162; x_wconf 89' lang='lat' dir='ltr'>summitti,</span> 
     </span>
     <span class='ocr_line' id='line_1_27' title="bbox 226 2171 1963 2240; baseline -0.001 -17"><span class='ocrx_word' id='word_1_180' title='bbox 226 2189 360 2240; x_wconf 87' lang='lat' dir='ltr'>quae</span> <span class='ocrx_word' id='word_1_181' title='bbox 408 2189 576 2239; x_wconf 89' lang='lat' dir='ltr'>usque</span> <span class='ocrx_word' id='word_1_182' title='bbox 627 2172 681 2222; x_wconf 92' lang='lat' dir='ltr'>in</span> <span class='ocrx_word' id='word_1_183' title='bbox 731 2171 1152 2238; x_wconf 89' lang='lat' dir='ltr'>quinquennium</span> <span class='ocrx_word' id='word_1_184' title='bbox 1202 2171 1408 2223; x_wconf 87' lang='lat' dir='ltr'>feturae</span> <span class='ocrx_word' id='word_1_185' title='bbox 1455 2171 1757 2222; x_wconf 88' lang='lat' dir='ltr'>necessaria</span> <span class='ocrx_word' id='word_1_186' title='bbox 1800 2173 1963 2237; x_wconf 81' lang='lat' dir='ltr'>est,25</span> 
     </span>
    </p>
   </div>
   <div class='ocr_carea' id='block_1_7' title="bbox 220 2328 1904 2979">
    <p class='ocr_par' dir='ltr' id='par_1_7' title="bbox 220 2328 1904 2979">
     <span class='ocr_line' id='line_1_28' title="bbox 342 2328 1894 2387; baseline -0.001 -13"><span class='ocrx_word' id='word_1_187' title='bbox 342 2336 363 2374; x_wconf 89' lang='lat'>1</span> <span class='ocrx_word' id='word_1_188' title='bbox 401 2330 665 2387; x_wconf 86' lang='lat' dir='ltr'>colligenda</span> <span class='ocrx_word' id='word_1_189' title='bbox 691 2345 776 2386; x_wconf 71' lang='lat' dir='ltr'>pro</span> <span class='ocrx_word' id='word_1_190' title='bbox 809 2330 1081 2374; x_wconf 86' lang='lat' dir='ltr'>circumfodi</span> <span class='ocrx_word' id='word_1_191' title='bbox 1107 2345 1142 2386; x_wconf 74' lang='lat' dir='ltr'>p</span> <span class='ocrx_word' id='word_1_192' title='bbox 1173 2333 1186 2387; x_wconf 94' lang='grc' dir='ltr'>ΙΙ</span> <span class='ocrx_word' id='word_1_193' title='bbox 1226 2335 1250 2372; x_wconf 99' lang='grc'>2</span> <span class='ocrx_word' id='word_1_194' title='bbox 1286 2329 1523 2385; x_wconf 83' lang='lat' dir='ltr'>amigdala</span> <span class='ocrx_word' id='word_1_195' title='bbox 1555 2329 1588 2373; x_wconf 79' lang='lat' dir='ltr'><strong><em>S</em></strong></span> <span class='ocrx_word' id='word_1_196' title='bbox 1616 2331 1630 2386; x_wconf 94' lang='grc' dir='ltr'>ΙΙ</span> <span class='ocrx_word' id='word_1_197' title='bbox 1663 2334 1688 2372; x_wconf 87' lang='grc'><strong>3</strong></span> <span class='ocrx_word' id='word_1_198' title='bbox 1721 2328 1787 2372; x_wconf 90' lang='lat' dir='ltr'>IN</span> <span class='ocrx_word' id='word_1_199' title='bbox 1817 2328 1894 2372; x_wconf 89' lang='lat' dir='ltr'>EO</span> 
     </span>
     <span class='ocr_line' id='line_1_29' title="bbox 220 2388 1897 2446; baseline -0.001 -13"><span class='ocrx_word' id='word_1_200' title='bbox 220 2391 298 2433; x_wconf 83' lang='lat' dir='ltr'>ET</span> <span class='ocrx_word' id='word_1_201' title='bbox 333 2389 632 2433; x_wconf 75' lang='lat' dir='ltr'>GREGIBVS</span> <span class='ocrx_word' id='word_1_202' title='bbox 664 2391 794 2433; x_wconf 69' lang='lat' dir='ltr'>addit</span> <span class='ocrx_word' id='word_1_203' title='bbox 812 2390 861 2432; x_wconf 98' lang='grc' dir='ltr'><em>Ε</em></span> <span class='ocrx_word' id='word_1_204' title='bbox 881 2392 894 2446; x_wconf 94' lang='grc' dir='ltr'>ΙΙ</span> <span class='ocrx_word' id='word_1_205' title='bbox 919 2395 945 2432; x_wconf 84' lang='grc'>4</span> <span class='ocrx_word' id='word_1_206' title='bbox 976 2389 1175 2433; x_wconf 82' lang='lat' dir='ltr'>maxime</span> <span class='ocrx_word' id='word_1_207' title='bbox 1204 2404 1285 2434; x_wconf 82' lang='lat' dir='ltr'>om.</span> <span class='ocrx_word' id='word_1_208' title='bbox 1299 2405 1334 2445; x_wconf 73' lang='lat' dir='ltr'>p</span> <span class='ocrx_word' id='word_1_209' title='bbox 1361 2392 1366 2446; x_wconf 95' lang='grc' dir='ltr'>Ι</span> <span class='ocrx_word' id='word_1_210' title='bbox 1394 2388 1540 2432; x_wconf 83' lang='lat' dir='ltr'>tauris</span> <span class='ocrx_word' id='word_1_211' title='bbox 1567 2403 1649 2432; x_wconf 81' lang='lat' dir='ltr'>om.</span> <span class='ocrx_word' id='word_1_212' title='bbox 1668 2389 1718 2432; x_wconf 85' lang='lat' dir='ltr'><em>E</em></span> <span class='ocrx_word' id='word_1_213' title='bbox 1743 2391 1748 2444; x_wconf 91' lang='grc' dir='ltr'>Ι</span> <span class='ocrx_word' id='word_1_214' title='bbox 1777 2403 1897 2431; x_wconf 88' lang='lat' dir='ltr'>sum-</span> 
     </span>
     <span class='ocr_line' id='line_1_30' title="bbox 221 2447 1898 2504; baseline -0.002 -11"><span class='ocrx_word' id='word_1_215' title='bbox 221 2450 479 2493; x_wconf 88' lang='lat' dir='ltr'>mittendae</span> <span class='ocrx_word' id='word_1_216' title='bbox 522 2452 628 2492; x_wconf 83' lang='lat' dir='ltr'>sunt</span> <span class='ocrx_word' id='word_1_217' title='bbox 667 2449 813 2492; x_wconf 87' lang='lat' dir='ltr'>tauris</span> <span class='ocrx_word' id='word_1_218' title='bbox 852 2463 1023 2492; x_wconf 80' lang='lat' dir='ltr'>uaccae</span> <span class='ocrx_word' id='word_1_219' title='bbox 1065 2450 1115 2504; x_wconf 77' lang='lat' dir='ltr'>S,</span> <span class='ocrx_word' id='word_1_220' title='bbox 1157 2448 1413 2492; x_wconf 84' lang='lat' dir='ltr'>mittendae</span> <span class='ocrx_word' id='word_1_221' title='bbox 1455 2450 1503 2491; x_wconf 88' lang='lat' dir='ltr'><em>E</em></span> <span class='ocrx_word' id='word_1_222' title='bbox 1546 2450 1559 2504; x_wconf 93' lang='grc' dir='ltr'>ΙΙ</span> <span class='ocrx_word' id='word_1_223' title='bbox 1607 2454 1631 2490; x_wconf 81' lang='lat'>5</span> <span class='ocrx_word' id='word_1_224' title='bbox 1671 2447 1898 2492; x_wconf 88' lang='lat' dir='ltr'>mensium</span> 
     </span>
     <span class='ocr_line' id='line_1_31' title="bbox 230 2506 1897 2566; baseline -0.003 -13"><span class='ocrx_word' id='word_1_225' title='bbox 230 2509 633 2566; x_wconf 70' lang='lat' dir='ltr'>VSTEGz&#39;acys</span> <span class='ocrx_word' id='word_1_226' title='bbox 669 2510 673 2565; x_wconf 96' lang='grc' dir='ltr'>Ι</span> <span class='ocrx_word' id='word_1_227' title='bbox 710 2508 775 2552; x_wconf 88' lang='lat' dir='ltr'>sic</span> <span class='ocrx_word' id='word_1_228' title='bbox 807 2522 888 2552; x_wconf 84' lang='lat' dir='ltr'>om.</span> <span class='ocrx_word' id='word_1_229' title='bbox 910 2524 944 2563; x_wconf 76' lang='lat' dir='ltr'>p</span> <span class='ocrx_word' id='word_1_230' title='bbox 972 2512 975 2563; x_wconf 95' lang='grc' dir='ltr'>Ι</span> <span class='ocrx_word' id='word_1_231' title='bbox 1005 2508 1282 2551; x_wconf 83' lang='lat' dir='ltr'>maturando</span> <span class='ocrx_word' id='word_1_232' title='bbox 1315 2509 1364 2551; x_wconf 86' lang='lat' dir='ltr'><strong><em>E</em></strong></span> <span class='ocrx_word' id='word_1_233' title='bbox 1399 2510 1413 2563; x_wconf 96' lang='grc' dir='ltr'>ΙΙ</span> <span class='ocrx_word' id='word_1_234' title='bbox 1455 2513 1508 2550; x_wconf 87' lang='grc'>10</span> <span class='ocrx_word' id='word_1_235' title='bbox 1540 2506 1705 2563; x_wconf 84' lang='lat' dir='ltr'>&#39;papuli</span> <span class='ocrx_word' id='word_1_236' title='bbox 1742 2507 1779 2563; x_wconf 69' lang='lat' dir='ltr'><strong><em>Q</em></strong></span> <span class='ocrx_word' id='word_1_237' title='bbox 1806 2507 1812 2565; x_wconf 97' lang='grc' dir='ltr'>Ι</span> <span class='ocrx_word' id='word_1_238' title='bbox 1840 2507 1897 2549; x_wconf 90' lang='lat' dir='ltr'>de</span> 
     </span>
     <span class='ocr_line' id='line_1_32' title="bbox 224 2566 1856 2625; baseline -0.001 -14"><span class='ocrx_word' id='word_1_239' title='bbox 224 2583 316 2624; x_wconf 90' lang='lat' dir='ltr'>qua</span> <span class='ocrx_word' id='word_1_240' title='bbox 348 2570 390 2612; x_wconf 90' lang='lat' dir='ltr'><em>L</em></span> <span class='ocrx_word' id='word_1_241' title='bbox 429 2571 443 2624; x_wconf 93' lang='grc' dir='ltr'>ΙΙ</span> <span class='ocrx_word' id='word_1_242' title='bbox 485 2573 536 2610; x_wconf 96' lang='grc'>11</span> <span class='ocrx_word' id='word_1_243' title='bbox 572 2568 784 2611; x_wconf 86' lang='lat' dir='ltr'>omnibus</span> <span class='ocrx_word' id='word_1_244' title='bbox 819 2567 949 2610; x_wconf 88' lang='lat' dir='ltr'>annis</span> <span class='ocrx_word' id='word_1_245' title='bbox 984 2568 1032 2610; x_wconf 84' lang='lat' dir='ltr'><em>E</em></span> <span class='ocrx_word' id='word_1_246' title='bbox 1058 2570 1061 2625; x_wconf 94' lang='grc' dir='ltr'>Ι</span> <span class='ocrx_word' id='word_1_247' title='bbox 1090 2568 1296 2611; x_wconf 87' lang='lat' dir='ltr'>futurum</span> <span class='ocrx_word' id='word_1_248' title='bbox 1331 2567 1372 2611; x_wconf 96' lang='lat' dir='ltr'><strong><em>G</em></strong></span> <span class='ocrx_word' id='word_1_249' title='bbox 1396 2569 1409 2622; x_wconf 94' lang='grc' dir='ltr'>ΙΙ</span> <span class='ocrx_word' id='word_1_250' title='bbox 1443 2572 1496 2609; x_wconf 94' lang='grc'>12</span> <span class='ocrx_word' id='word_1_251' title='bbox 1529 2566 1775 2622; x_wconf 86' lang='lat' dir='ltr'>indignent</span> <span class='ocrx_word' id='word_1_252' title='bbox 1806 2567 1856 2609; x_wconf 89' lang='grc' dir='ltr'><em>Ε</em></span> 
     </span>
     <span class='ocr_line' id='line_1_33' title="bbox 226 2625 1887 2683; baseline -0.002 -12"><span class='ocrx_word' id='word_1_253' title='bbox 226 2633 279 2671; x_wconf 86' lang='grc'>13</span> <span class='ocrx_word' id='word_1_254' title='bbox 321 2627 359 2670; x_wconf 88' lang='lat' dir='ltr'>si</span> <span class='ocrx_word' id='word_1_255' title='bbox 399 2641 480 2672; x_wconf 80' lang='lat' dir='ltr'>om.</span> <span class='ocrx_word' id='word_1_256' title='bbox 521 2628 562 2672; x_wconf 98' lang='lat' dir='ltr'><strong><em>G</em></strong></span> <span class='ocrx_word' id='word_1_257' title='bbox 585 2629 599 2683; x_wconf 84' lang='lat' dir='ltr'>ll</span> <span class='ocrx_word' id='word_1_258' title='bbox 627 2633 679 2670; x_wconf 83' lang='lat'>14</span> <span class='ocrx_word' id='word_1_259' title='bbox 721 2630 1059 2670; x_wconf 82' lang='lat' dir='ltr'>consueuerunt</span> <span class='ocrx_word' id='word_1_260' title='bbox 1098 2628 1306 2683; x_wconf 71' lang='lat' dir='ltr'>Eiacys</span> <span class='ocrx_word' id='word_1_261' title='bbox 1331 2629 1344 2681; x_wconf 91' lang='grc' dir='ltr'>ΙΙ</span> <span class='ocrx_word' id='word_1_262' title='bbox 1371 2631 1424 2668; x_wconf 83' lang='grc'>15</span> <span class='ocrx_word' id='word_1_263' title='bbox 1465 2628 1511 2669; x_wconf 91' lang='lat' dir='ltr'>et</span> <span class='ocrx_word' id='word_1_264' title='bbox 1548 2625 1767 2669; x_wconf 90' lang='lat' dir='ltr'>mollibus</span> <span class='ocrx_word' id='word_1_265' title='bbox 1805 2625 1887 2682; x_wconf 75' lang='grc' dir='ltr'>Εί</span> 
     </span>
     <span class='ocr_line' id='line_1_34' title="bbox 227 2683 1900 2743; baseline -0.001 -14"><span class='ocrx_word' id='word_1_266' title='bbox 227 2692 279 2730; x_wconf 88' lang='grc'>16</span> <span class='ocrx_word' id='word_1_267' title='bbox 329 2687 545 2743; x_wconf 88' lang='lat' dir='ltr'>splendor</span> <span class='ocrx_word' id='word_1_268' title='bbox 577 2701 613 2742; x_wconf 75' lang='lat' dir='ltr'>p</span> <span class='ocrx_word' id='word_1_269' title='bbox 658 2689 672 2742; x_wconf 90' lang='grc' dir='ltr'>ΙΙ</span> <span class='ocrx_word' id='word_1_270' title='bbox 721 2692 772 2729; x_wconf 85' lang='grc'>17</span> <span class='ocrx_word' id='word_1_271' title='bbox 814 2685 1001 2742; x_wconf 80' lang='lat' dir='ltr'>linguae</span> <span class='ocrx_word' id='word_1_272' title='bbox 1043 2687 1133 2729; x_wconf 71' lang='lat' dir='ltr'>SE</span> <span class='ocrx_word' id='word_1_273' title='bbox 1181 2690 1186 2741; x_wconf 93' lang='grc' dir='ltr'>Ι</span> <span class='ocrx_word' id='word_1_274' title='bbox 1235 2685 1453 2728; x_wconf 84' lang='lat' dir='ltr'>masculis</span> <span class='ocrx_word' id='word_1_275' title='bbox 1494 2686 1543 2728; x_wconf 90' lang='lat' dir='ltr'><em>E</em></span> <span class='ocrx_word' id='word_1_276' title='bbox 1586 2687 1601 2740; x_wconf 95' lang='grc' dir='ltr'>ΙΙ</span> <span class='ocrx_word' id='word_1_277' title='bbox 1648 2689 1700 2727; x_wconf 89' lang='grc'>18</span> <span class='ocrx_word' id='word_1_278' title='bbox 1744 2683 1900 2727; x_wconf 84' lang='lat' dir='ltr'>reddit</span> 
     </span>
     <span class='ocr_line' id='line_1_35' title="bbox 226 2743 1897 2803; baseline -0.003 -13"><span class='ocrx_word' id='word_1_279' title='bbox 226 2761 374 2790; x_wconf 75' lang='lat' dir='ltr'>omnes</span> <span class='ocrx_word' id='word_1_280' title='bbox 410 2747 414 2803; x_wconf 96' lang='grc' dir='ltr'>Ι</span> <span class='ocrx_word' id='word_1_281' title='bbox 451 2759 634 2801; x_wconf 87' lang='lat' dir='ltr'>quoque</span> <span class='ocrx_word' id='word_1_282' title='bbox 666 2745 935 2801; x_wconf 88' lang='lat' dir='ltr'>plerumque</span> <span class='ocrx_word' id='word_1_283' title='bbox 970 2746 1017 2787; x_wconf 77' lang='grc' dir='ltr'><em>Ε</em></span> <span class='ocrx_word' id='word_1_284' title='bbox 1054 2748 1067 2801; x_wconf 93' lang='grc' dir='ltr'>ΙΙ</span> <span class='ocrx_word' id='word_1_285' title='bbox 1109 2750 1161 2788; x_wconf 83' lang='grc'>19</span> <span class='ocrx_word' id='word_1_286' title='bbox 1195 2758 1394 2799; x_wconf 89' lang='lat' dir='ltr'>namque</span> <span class='ocrx_word' id='word_1_287' title='bbox 1421 2759 1508 2800; x_wconf 73' lang='lat' dir='ltr'>pro</span> <span class='ocrx_word' id='word_1_288' title='bbox 1539 2756 1792 2798; x_wconf 90' lang='lat' dir='ltr'>numquam</span> <span class='ocrx_word' id='word_1_289' title='bbox 1817 2757 1852 2798; x_wconf 77' lang='lat' dir='ltr'>p</span> <span class='ocrx_word' id='word_1_290' title='bbox 1882 2743 1897 2801; x_wconf 75' lang='grc' dir='ltr'>ΙΙ</span> 
     </span>
     <span class='ocr_line' id='line_1_36' title="bbox 226 2801 1898 2860; baseline -0.002 -12"><span class='ocrx_word' id='word_1_291' title='bbox 226 2811 281 2848; x_wconf 75' lang='grc'>’20</span> <span class='ocrx_word' id='word_1_292' title='bbox 315 2805 485 2848; x_wconf 89' lang='lat' dir='ltr'>album.</span> <span class='ocrx_word' id='word_1_293' title='bbox 533 2805 679 2847; x_wconf 87' lang='lat' dir='ltr'>altum</span> <span class='ocrx_word' id='word_1_294' title='bbox 711 2805 759 2847; x_wconf 86' lang='lat' dir='ltr'><em>E</em></span> <span class='ocrx_word' id='word_1_295' title='bbox 781 2807 794 2860; x_wconf 92' lang='grc' dir='ltr'>ΙΙ</span> <span class='ocrx_word' id='word_1_296' title='bbox 819 2809 871 2847; x_wconf 90' lang='grc'>21</span> <span class='ocrx_word' id='word_1_297' title='bbox 906 2804 1142 2860; x_wconf 78' lang='lat' dir='ltr'>promissis</span> <span class='ocrx_word' id='word_1_298' title='bbox 1176 2804 1257 2857; x_wconf 65' lang='grc' dir='ltr'>ΕΙ,</span> <span class='ocrx_word' id='word_1_299' title='bbox 1289 2803 1577 2859; x_wconf 88' lang='lat' dir='ltr'>prominente</span> <span class='ocrx_word' id='word_1_300' title='bbox 1609 2802 1678 2845; x_wconf 78' lang='lat' dir='ltr'>E2</span> <span class='ocrx_word' id='word_1_301' title='bbox 1706 2804 1710 2858; x_wconf 96' lang='grc' dir='ltr'>Ι</span> <span class='ocrx_word' id='word_1_302' title='bbox 1740 2801 1898 2845; x_wconf 88' lang='lat' dir='ltr'>candi-</span> 
     </span>
     <span class='ocr_line' id='line_1_37' title="bbox 227 2861 1904 2921; baseline -0.002 -15"><span class='ocrx_word' id='word_1_303' title='bbox 227 2864 429 2907; x_wconf 72' lang='lat' dir='ltr'>dissimis</span> <span class='ocrx_word' id='word_1_304' title='bbox 465 2864 506 2908; x_wconf 90' lang='lat' dir='ltr'><strong><em>G</em></strong></span> <span class='ocrx_word' id='word_1_305' title='bbox 535 2866 540 2921; x_wconf 94' lang='grc' dir='ltr'>Ι</span> <span class='ocrx_word' id='word_1_306' title='bbox 567 2866 754 2907; x_wconf 81' lang='lat' dir='ltr'>tectum.</span> <span class='ocrx_word' id='word_1_307' title='bbox 796 2863 1067 2920; x_wconf 83' lang='lat' dir='ltr'>longissima</span> <span class='ocrx_word' id='word_1_308' title='bbox 1099 2863 1249 2906; x_wconf 88' lang='lat' dir='ltr'>cauda</span> <span class='ocrx_word' id='word_1_309' title='bbox 1280 2864 1329 2905; x_wconf 86' lang='lat' dir='ltr'><em>E</em></span> <span class='ocrx_word' id='word_1_310' title='bbox 1361 2866 1373 2918; x_wconf 94' lang='grc' dir='ltr'>ΙΙ</span> <span class='ocrx_word' id='word_1_311' title='bbox 1406 2868 1459 2905; x_wconf 84' lang='grc'>23</span> <span class='ocrx_word' id='word_1_312' title='bbox 1493 2862 1668 2918; x_wconf 88' lang='lat' dir='ltr'>primae</span> <span class='ocrx_word' id='word_1_313' title='bbox 1702 2861 1904 2917; x_wconf 71' lang='lat' dir='ltr'><em>PLQV</em></span> 
     </span>
     <span class='ocr_line' id='line_1_38' title="bbox 227 2920 1750 2979; baseline -0.001 -13"><span class='ocrx_word' id='word_1_314' title='bbox 227 2924 502 2967; x_wconf 76' lang='lat' dir='ltr'><strong><em>SETFGz‘</em></strong></span> <span class='ocrx_word' id='word_1_315' title='bbox 525 2926 538 2979; x_wconf 94' lang='grc' dir='ltr'>ΙΙ</span> <span class='ocrx_word' id='word_1_316' title='bbox 566 2928 618 2966; x_wconf 86' lang='grc'>24</span> <span class='ocrx_word' id='word_1_317' title='bbox 650 2923 779 2965; x_wconf 88' lang='lat' dir='ltr'>bima</span> <span class='ocrx_word' id='word_1_318' title='bbox 812 2937 892 2966; x_wconf 84' lang='lat' dir='ltr'>om.</span> <span class='ocrx_word' id='word_1_319' title='bbox 920 2923 968 2965; x_wconf 86' lang='grc' dir='ltr'><em>Ε</em></span> <span class='ocrx_word' id='word_1_320' title='bbox 989 2925 1002 2978; x_wconf 89' lang='grc' dir='ltr'>ΙΙ</span> <span class='ocrx_word' id='word_1_321' title='bbox 1029 2928 1082 2965; x_wconf 78' lang='grc'>25</span> <span class='ocrx_word' id='word_1_322' title='bbox 1116 2936 1259 2977; x_wconf 90' lang='lat' dir='ltr'>usque</span> <span class='ocrx_word' id='word_1_323' title='bbox 1294 2922 1352 2964; x_wconf 87' lang='lat' dir='ltr'>ad</span> <span class='ocrx_word' id='word_1_324' title='bbox 1386 2923 1434 2964; x_wconf 89' lang='grc' dir='ltr'><em>Ε</em></span> <span class='ocrx_word' id='word_1_325' title='bbox 1459 2926 1464 2976; x_wconf 95' lang='grc' dir='ltr'>Ι</span> <span class='ocrx_word' id='word_1_326' title='bbox 1492 2922 1674 2964; x_wconf 88' lang='lat' dir='ltr'>foetura</span> <span class='ocrx_word' id='word_1_327' title='bbox 1709 2920 1750 2964; x_wconf 92' lang='lat' dir='ltr'><strong><em>G</em></strong></span> 
     </span>
    </p>
   </div>
  </div>
 </body>
</html>
