2014 3169
184 91 293 144 258
888 92 1166 136 PALLADII

843 257 940 310 DE
980 256 1216 311 POMIS.

100 360 210 414 1111
324 361 711 431 Hypomelides
773 380 933 430 poma
995 367 1142 430 sunt,
1213 366 1274 414 ut
1328 360 1598 414 Martialis
1652 362 1870 433 adserit,

114 811 144 859 N:

188 437 351 489 sorbo
405 436 615 488 similia.
700 435 957 488 mediocri
1019 437 1208 488 arbore
1272 438 1565 488 nascuntur
1628 440 1684 488 et
1736 436 1866 489 flore

190 509 491 563 candiduIO.
568 509 790 561 dulcedo
847 509 972 562 huic
1028 509 1227 562 fructui
1283 527 1404 562 cum
1461 512 1619 562 acuto
1673 527 1866 580 sapore

191 584 464 637 conmixta
525 588 622 636 est.
717 584 914 635 seritur
977 601 1156 636 mense
1218 583 1488 636 decembri
1546 582 1749 636 nucleis
1809 584 1867 637 in
1913 605 1937 638 5

194 657 424 711 uasculis
463 657 673 726 positis.
750 675 930 710 mense
978 662 1160 709 autem
1199 656 1471 709 februario
1510 656 1867 726 hypomelidis

194 733 378 801 planta
427 732 518 784 sed
574 731 786 800 pollicis
843 731 1213 801 magnitudine
1270 731 1494 783 robusta
1543 729 1870 784 transfertur

194 805 512 859 breuissimo
555 806 742 858 scrobe
784 805 964 858 soluta
1003 809 1149 857 terra
1189 805 1422 873 plurimo
1462 809 1714 858 stercore.
1776 805 1870 858 sed

194 880 480 934 munienda
519 884 618 950 est,
657 880 782 949 quia
822 880 930 932 cito
970 880 1191 949 arescit,
1231 879 1277 931 si
1315 879 1520 931 radices
1560 878 1707 931 illius
1746 896 1870 932 uen—

191 961 279 1007 tus
336 954 633 1008 adflauerit.
721 958 923 1006 terram
987 953 1431 1022 qualemcumque
1486 970 1595 1005 non
1649 952 1869 1021 respuit.
1895 974 1939 1006 ιο

191 1033 338 1082 amat
378 1029 496 1081 loca
544 1027 748 1097 tepida,
803 1026 1007 1096 aprica,
1054 1028 1328 1080 maritima
1368 1031 1422 1079 et
1462 1044 1619 1096 saepe
1660 1044 1871 1079 saxosa.

191 1107 397 1156 statum
430 1102 688 1172 frigidum
723 1101 1053 1154 reformidat.
1115 1100 1277 1154 inseri
1308 1119 1417 1153 non
1449 1103 1646 1170 potest,
1678 1100 1872 1170 exigua

190 1179 350 1230 durat
402 1181 593 1229 aetate.
672 1194 832 1245 poma
884 1176 997 1228 eius
1053 1180 1146 1228 aut
1196 1175 1252 1227 in
1301 1175 1496 1243 picatis
1544 1180 1599 1227 et
1645 1174 1871 1227 munitis

191 1249 422 1305 urceolis
486 1254 579 1302 aut
634 1251 794 1303 scobe
850 1250 1035 1319 populi
1091 1253 1185 1302 aut
1239 1248 1292 1301 in
1356 1249 1478 1301 ollis
1538 1249 1680 1301 inter
1736 1265 1870 1301 uuas

191 1326 428 1379 uinaceis
471 1326 665 1377 obruta
705 1324 1080 1377 seruabuntur.
1897 1342 1940 1375 15

601 1516 698 1568 DE
741 1515 833 1568 ΗΑ
846 1513 955 1568 PJS
997 1513 1468 1569 CONDIENDIS.

297 1622 456 1676 Nunc
511 1640 642 1690 rapa
701 1621 755 1673 in
818 1623 999 1689 partes
1055 1620 1290 1671 minutas
1345 1618 1517 1671 recisa
1571 1620 1626 1670 et
1679 1616 1873 1669 leuiter

193 1702 347 1751 cocta
387 1701 441 1749 et
482 1700 599 1749 tota
638 1695 721 1747 die
762 1693 1077 1763 diligentius
1118 1694 1398 1760 exsiccata,
1436 1710 1502 1744 ne
1541 1690 1669 1760 quid
1707 1707 1874 1741 reser-

192 1777 284 1825 uet
323 1771 551 1839 umoris,
600 1769 784 1838 senapi
826 1787 889 1820 ex
930 1771 1105 1835 aceto,
1145 1767 1286 1820 sicut
1325 1766 1490 1819 moris
1530 1768 1634 1833 est,
1673 1767 1875 1832 tempe-

194 1850 312 1899 rato
365 1862 606 1915 mergere
659 1847 714 1896 et
766 1842 980 1896 condire
1032 1842 1340 1895 curabimus
1388 1844 1442 1892 et
1489 1838 1695 1908 repleta
1742 1854 1942 1892 uasazo

194 1920 503 1975 claudemus
545 1936 604 1971 ac
644 1921 769 1987 post
809 1917 1117 1985 aliquantos
1158 1915 1269 1968 dies
1304 1914 1554 1984 gustibus
1594 1910 1874 1981 explorata

194 1995 528 2064 proferemus
568 1992 733 2044 usuri.
797 2009 959 2059 quam
999 2008 1113 2042 rem
1153 1989 1395 2042 ianuario
1436 2004 1649 2056 quoque
1689 1988 1744 2039 et
1781 2002 1874 2038 no·

194 2069 403 2122 uembri
446 2085 625 2119 mense
667 2064 965 2134 poterimus
1006 2064 1230 2116 efficere.

312 2234 338 2271 2
372 2225 703 2285 Yppomelides
737 2224 800 2280 L,
852 2223 1145 2280 Ypmnelides
1189 2223 1326 2276 VGz'‚
1374 2220 1433 2263 Et
1478 2216 1735 2276 pomelides
1767 2217 1817 2262 F

194 2295 219 2331 3
254 2290 480 2332 seruntur.
517 2288 768 2329 nascuntur
793 2284 875 2339 ΕΗ
900 2290 925 2326 4
960 2281 1202 2325 ‹zandiculo
1231 2283 1268 2338 Q
1290 2284 1304 2337 Η
1330 2286 1354 2323 5
1388 2277 1632 2323 commista
1662 2280 1770 2320 sunt
1798 2290 1835 2333 p

196 2347 241 2391 in
269 2362 378 2390 uase
402 2362 433 2402 p
456 2349 470 2402 11
495 2352 520 2389 G
546 2342 842 2401 ypomellidis
867 2344 922 2397 L,
948 2341 1225 2398 ypomelidis
1260 2340 1377 2384 VGi
1399 2342 1413 2395 ΙΙ
1438 2342 1463 2380 8
1488 2335 1766 2381 breuissima
1791 2335 1834 2379 G
1866 2335 1874 2394 Ι

196 2414 221 2450 9
256 2406 507 2450 minuenda
543 2406 633 2448 ΡΗ
679 2406 684 2462 Ι
735 2401 804 2445 illi
841 2402 982 2458 1²ch
1005 2401 1229 2455 VSTFi,
1263 2398 1361 2442 cius
1392 2411 1519 2453 acys
1563 2399 1578 2451 ΙΙ
1627 2400 1678 2439 11
1713 2407 1873 2452 aprica

196 2466 356 2523 tepida
388 2466 478 2509 ,516
529 2468 544 2520 ss
602 2470 652 2506 12
699 2461 898 2518 rigidum
933 2462 1126 2518 Siacqs
1177 2462 1191 2515 ΙΙ
1249 2463 1301 2501 13
1344 2455 1535 2500 minutis
1567 2454 1817 2511 SEiacqs
1857 2455 1873 2512 ΙΙ

200 2532 252 2569 15
278 2523 476 2568 uinaciis
501 2526 518 2567 2'
541 2526 556 2580 Η
584 2528 633 2566 17
661 2520 808 2565 incisa
828 2536 861 2577 p
884 2523 899 2576 Η
927 2526 977 2562 18
1004 2519 1253 2573 diligenter
1273 2532 1306 2573 p
1332 2517 1338 2574 Ι
1366 2518 1588 2560 exsucata.
1606 2512 1749 2570 PLQ
1766 2511 1857 2557 VG

197 2587 395 2628 exucata
426 2584 472 2639 S,
506 2582 716 2626 exiccata
746 2582 764 2623 i
791 2587 796 2630 Ι
825 2582 1062 2623 reseruent
1096 2579 1299 2634 Giacys
1322 2579 1337 2632 ΙΙ
1364 2581 1415 2618 19
1449 2578 1496 2618 ct
1527 2572 1681 2630 sinapi
1711 2547 1873 2631 iacui

198 2648 246 2688 ct
271 2657 358 2701 pro
391 2656 445 2687 cx
487 2643 562 2699 Vn
587 2646 637 2686 21
674 2639 966 2697 gustabimus
994 2653 1029 2694 1>
1060 2642 1074 2695 {g
1111 2642 1166 2680 23
1200 2635 1420 2681 conficere
1449 2649 1482 2690 p
1752 2644 1756 2651 ·
