2072 3145
781 109 975 154 AGRIO.
1001 110 1043 153 X
1069 114 1182 153 1-3
1715 112 1818 165 201

143 252 267 286 cora
316 235 568 285 exsucata
614 230 752 283 nihil
790 230 1014 300 prosint.
1093 231 1358 284 eiciuntur
1399 232 1614 300 quidem
1654 234 1818 285 laeta·
1863 237 1895 288 3

141 308 287 359 mina
336 310 390 358 et
438 306 679 374 qualibet
724 305 916 357 hiemis
965 308 1134 373 parte.
1211 306 1302 358 sed
1351 306 1396 358 si
1442 310 1683 375 tempore
1725 326 1820 360 suo

142 381 241 434 eici
297 380 479 462 aliqua
532 380 740 431 ratione
795 397 904 431 non
965 382 1244 447 poterunt,
1308 383 1596 448 antequam
1659 399 1822 450 sera&

140 472 289 506 more
345 453 563 506 seminis
618 471 713 521 per
769 471 928 522 agros
985 453 1264 521 puluerem
1321 455 1575 507 stercoris
1628 474 1821 538 sparge

96 548 115 580 5
141 528 228 580 uel
278 528 555 595 caprinum
603 545 766 578 manu
811 525 992 595 proice
1041 530 1095 578 et
1134 531 1334 579 terram
1375 529 1598 581 sarculis
1640 528 1820 581 misce.

139 620 237 654 nec
285 602 504 669 prodest
549 601 777 652 nimium
821 604 1118 653 stercorare
1159 620 1265 653 uno
1306 604 1549 670 tempore
1591 603 1683 655 sed
1722 603 1821 655 fre-

143 678 369 744 quenter
403 679 457 727 et
490 675 711 727 modice.
768 692 896 744 ager
930 692 1164 743 aquosus
1197 676 1318 743 plus
1347 676 1614 744 stercoris,
1651 677 1822 730 siccus

140 767 269 801 uero
326 749 504 801 minus
560 748 800 817 requirit,
887 749 978 800 sed
1033 749 1078 801 si
1133 748 1438 802 laetaminis
1499 751 1655 819 copia
1714 770 1824 803 non
1863 751 1899 802 4

142 824 403 891 abundat,
443 824 546 876 hoc
585 841 683 891 pro
725 826 961 875 stercore
1003 823 1204 891 optime
1245 824 1406 893 cedit,
1453 828 1514 876 ut
1554 825 1822 877 sabulosis

73 918 116 949 1ο
140 897 274 949 locis
339 901 541 949 cretam
601 897 656 948 id
719 900 800 948 est
854 897 1104 966 argillam
1160 915 1414 967 spargaS‚
1479 899 1703 951 cretosis
1763 918 1823 951 ac
1875 919 1878 921 ’

140 971 368 1023 nimium
410 971 600 1039 spissis
643 970 973 1022 sabulonem.
1049 970 1152 1024 hoc
1198 974 1252 1023 et
1293 971 1568 1041 segetibus
1609 972 1824 1041 proficit

142 1048 195 1096 et
227 1044 412 1097 uineas
446 1044 835 1113 pulcherrimas
869 1044 1059 1097 reddit.
1109 1063 1235 1097 nam
1268 1046 1537 1098 laetamen
1567 1046 1623 1098 in
1648 1047 1820 1099 uineis

143 1137 391 1187 saporem
431 1118 545 1170 uini
584 1118 778 1170 uitiare
819 1119 1114 1171 consueuit.

138 1294 237 1348 DE
292 1294 635 1348 SERENDO
678 1295 966 1348 TRITICO
1017 1295 1111 1347 ET
1150 1294 1449 1348 ADOREO
1491 1295 1573 1348 IN
1613 1294 1822 1350 LOCIS

75 1404 116 1437 15
601 1383 926 1437 FRIGIDIS
967 1384 1062 1436 ET
1103 1383 1373 1438 OPAe-Is.

251 1487 368 1540 Hoc
417 1505 599 1539 mense
639 1487 925 1557 uliginosis
965 1487 1098 1540 locis
1141 1492 1233 1540 aut
1274 1489 1502 1540 exilibus
1545 1491 1637 1540 aut
1676 1488 1824 1557 frigi·
1859 1488 1913 1539 Il

140 1562 220 1613 dis
275 1565 368 1613 aut
416 1562 597 1629 opacis
647 1562 788 1614 circa
840 1562 1242 1630 aequinoctium
1300 1561 1545 1615 triticum
1602 1567 1656 1614 et
1705 1563 1824 1614 ado-

139 1653 290 1687 reum
340 1635 561 1704 seritur,
608 1636 734 1687 dum
782 1635 1043 1688 serenitas
1086 1639 1322 1705 constat,
1371 1641 1432 1688 ut
1473 1635 1678 1689 radices
1719 1635 1825 1688 fru-

139 1709 309 1761 menti
349 1713 474 1761 ante
514 1709 748 1762 hiemem
790 1710 1185 1762 conualescant.

74 1893 117 1924 20
186 1870 284 1922 DE
328 1869 665 1924 REMEDIO
712 1870 916 1924 SALSI
956 1870 1261 1939 VMORIS,
1301 1871 1400 1923 DE
1444 1869 1788 1923 SEMINVM

271 1958 643 2011 MENSVRIS
683 1960 778 2011 ET
820 1958 1157 2012 DIVERSIS
1197 1958 1554 2012 REMEDIIS
1597 1959 1696 2012 AD

467 2047 628 2099 SATJ
636 2047 735 2100 ΟΝ
739 2048 845 2099 ΕΜ
886 2047 1497 2100 PERTINENTIBVS.

257 2151 407 2204 Solet
447 2155 593 2203 terra
634 2170 873 2203 umorem
915 2152 1116 2203 salsum
1155 2170 1397 2221 uomere,
1439 2151 1531 2221 qui
1573 2156 1784 2222 segetes
1826 2153 1911 2205 HI

141 2229 313 2278 necat.
390 2225 484 2278 ubi
523 2226 626 2278 hoc
666 2226 751 2293 fit,
794 2225 1159 2277 columbinum
1200 2228 1406 2278 stercus
1449 2229 1542 2277 aut
1585 2227 1823 2294 cupressi

78 2319 118 2351 25
145 2299 278 2352 folia
320 2302 535 2368 oportet
575 2300 887 2367 inspargere
929 2303 982 2350 et
1021 2299 1113 2367 ita,
1153 2303 1214 2351 ut
1255 2300 1440 2351 eadem
1480 2300 1824 2367 misceantur,

263 2493 284 2530 1
322 2490 518 2531 exucata
550 2488 651 2543 SE,
694 2491 941 2532 exsuccata
973 2489 1030 2543 F,
1075 2488 1286 2532 exiccata
1325 2490 1477 2545 iacys
1521 2492 1525 2544 Ι
1569 2488 1636 2530 nil
1680 2488 1782 2532 GE
1810 2489 1824 2545 ΙΙ

144 2552 168 2590 5
202 2560 392 2589 manum
424 2549 467 2590 L
496 2549 500 2603 Ι
530 2548 724 2591 surculis
762 2548 815 2602 G,
850 2561 931 2590 om.
959 2548 1008 2590 E
1036 2550 1049 2603 ΙΙ
1083 2552 1108 2590 8
1140 2546 1309 2603 recipit
1339 2548 1388 2590 E
1413 2549 1418 2605 Ι
1447 2547 1542 2590 leta
1574 2548 1623 2590 E
1645 2549 1658 2603 ΙΙ
1684 2552 1707 2590 9
1740 2561 1823 2603 pro

143 2620 224 2649 om.
257 2606 298 2649 G·
326 2607 330 2662 Ι
358 2608 565 2661 tempore
598 2608 649 2649 E
684 2609 697 2663 ΙΙ
741 2611 794 2649 10
829 2609 1024 2661 cretam,
1058 2606 1134 2649 uel
1169 2605 1386 2662 argillam
1419 2621 1467 2660 α,
1503 2608 1677 2649 cretam
1711 2606 1822 2664 [vel]

146 2664 358 2732 argillam
393 2679 450 2722 cy
501 2666 506 2721 Ι
557 2665 812 2709 cretosis—
826 2665 1097 2708 sabulonem
1130 2679 1211 2709 om
1238 2666 1288 2708 E
1330 2667 1343 2721 ΙΙ
1394 2670 1444 2708 11
1481 2664 1623 2708 etiam
1649 2678 1737 2721 pro
1778 2668 1826 2708 et

142 2738 313 2780 zacys,
348 2737 430 2767 om.
462 2724 503 2767 G-
533 2727 546 2780 ΙΙ
589 2729 641 2768 15
674 2725 750 2767 ET
785 2724 992 2768 OPACIS
1025 2739 1106 2769 om
1134 2726 1176 2768 L
1208 2727 1222 2780 ΙΙ
1264 2728 1315 2766 17
1352 2726 1432 2767 aut
1463 2737 1544 2767 om.
1574 2725 1592 2766 z·
1629 2725 1634 2780 Ι
1676 2726 1722 2767 et
1755 2738 1824 2767 or-

143 2782 279 2825 deum
310 2783 370 2836 E
404 2796 485 2826 om.
506 2797 543 2838 p
566 2786 580 2839 ΙΙ
606 2788 658 2826 18
694 2797 896 2827 sersemu
928 2784 989 2838 E,
1028 2786 1204 2827 sere·tui
1237 2784 1366 2827 ceteri
1397 2784 1411 2839 Ιῖ
1445 2788 1496 2825 19
1530 2782 1715 2826 hiemen
1748 2783 1824 2849 Vfiss

143 2845 197 2883 ‘20
226 2841 304 2883 DE
339 2819 616 2884 S'EMINVM
647 2843 780 2885 ΜΕᾊΤ
784 2842 855 2885 sV
858 2841 949 2884 RIS
975 2857 1058 2886 om
1085 2845 1141 2886 ia
1164 2844 1177 2897 ΙΙ
1204 2847 1255 2884 21
1282 2842 1548 2885 REMEDIS
1572 2842 1612 2885 G
1636 2844 1649 2898 ΙΙ
1675 2847 1728 2885 25
1754 2841 1824 2885 in-

143 2913 354 2956 spergere
392 2900 470 2944 Ga
499 2901 503 2958 Ι
531 2915 588 2944 ne
615 2916 702 2957 pro
734 2906 784 2944 ut
821 2903 835 2943 ι’
