2014 3169
865 130 1058 175 AGRIC.
1082 132 1104 174 I
1128 137 1182 175 35
1792 132 1862 183 39

296 253 506 307 Culices
548 254 780 323 galbano
821 253 996 305 infuso
1037 252 1295 321 fugantur
1335 255 1427 304 aut
1467 252 1684 319 sulfure,
1727 250 1862 320 puli-

183 346 270 380 ces
328 345 547 379 amurca
594 346 689 395 per
734 327 1104 394 pauimentum
1150 326 1460 394 frequenter
1508 344 1726 394 aspersa
1776 327 1862 378 uel

184 402 396 470 cymino
447 402 649 470 agresti
700 418 820 453 cum
865 418 1004 468 aqua
1043 400 1173 451 trito
1214 400 1302 452 uel
1342 399 1637 453 cucumeris
1680 418 1862 452 semen

186 474 416 544 agrestis
465 493 604 543 aqua
651 474 950 526 resolutum
999 492 1154 541 saepe
1204 473 1487 526 infundens
1535 475 1622 526 uel
1667 492 1861 542 aquam

135 573 156 604 5
181 550 490 618 lupinorum
529 548 744 631 psilotri
784 548 1195 600 austeritatibus
1237 548 1420 599 iutam.
1916 549 1948 600 9

291 621 494 689 MureS‚
544 624 588 674 si
639 640 911 674 amurcam
959 622 1188 690 spissam
1233 622 1452 689 patinae
1499 622 1757 674 infuderis
1804 626 1859 674 et

180 696 235 748 in
276 697 433 748 domo
472 700 630 749 nocte
669 696 928 778 posueris,
974 696 1353 747 adhaerebunt.
1424 696 1557 748 item
1595 696 1860 749 necabun-

181 774 291 838 tur,
335 771 380 822 si
419 771 694 822 helleboro
734 770 891 839 nigro
934 788 1148 822 caseum
1188 770 1274 821 uel
1316 787 1508 837 panem
1548 770 1634 822 uel
1676 771 1859 838 adipes

180 843 268 896 uel
305 845 580 912 polentam
623 843 949 912 permisceas
991 847 1044 894 et
1086 844 1299 895 offeras:
1342 850 1392 894 et
1434 844 1664 912 agrestis
1707 862 1859 896 cucu-

115 942 156 972 10
181 919 342 970 meris
384 922 438 969 et
479 917 872 986 colocynthidis
915 917 1136 969 suffusio
1180 918 1256 970 sic
1295 917 1529 969 nocebit.

291 991 567 1044 Aduersus
609 1010 786 1043 mures
829 995 1070 1060 agrestes
1110 990 1371 1059 Apuleius
1413 992 1613 1044 adserit
1653 992 1861 1044 semina

180 1066 384 1118 bubulo
425 1066 548 1118 felle
589 1066 927 1133 maceranda,
977 1068 1263 1134 antequam
1304 1084 1544 1135 spargas,
1614 1066 1861 1118 nonnulli

181 1139 503 1192 rododafnes
543 1139 688 1192 foliis
724 1140 900 1191 aditus
935 1158 1120 1191 eorum
1154 1139 1424 1208 claudunt,
1466 1140 1558 1208 qui
1589 1139 1726 1192 rosis
1760 1140 1862 1206 his,

182 1214 307 1265 dum
348 1214 405 1265 in
445 1213 649 1265 exitum
688 1213 956 1280 nituntur,
999 1214 1284 1265 intereunt.

48 1288 50 1291 ’
113 1310 153 1342 15
290 1287 486 1356 Talpas
536 1286 727 1339 Graeci
779 1287 883 1339 hoc
935 1305 1126 1356 genere
1178 1291 1588 1355 persequuntur
1664 1306 1857 1340 nucem
1879 1290 1948 1343 10

178 1361 442 1430 perforari
495 1360 684 1413 iubent
738 1362 825 1412 uel
882 1362 1098 1429 aliquod
1148 1361 1296 1429 pomi
1348 1378 1515 1430 genus
1566 1362 1857 1414 soliditatis

181 1435 431 1487 eiusdem.
487 1434 564 1486 ibi
596 1435 776 1503 paleas
812 1439 866 1487 et
899 1436 1115 1487 cedrum
1150 1453 1272 1487 cum
1298 1434 1500 1487 sulfure
1528 1435 1862 1488 sufficienter

179 1509 394 1561 includi.
456 1512 585 1561 tunc
627 1528 809 1561 omnes
851 1508 1106 1577 paruulos
1148 1509 1324 1561 aditus
1367 1512 1420 1561 et
1453 1510 1661 1578 reliqua
1693 1510 1860 1578 spira-

181 1586 362 1635 menta
415 1583 687 1651 talparum
741 1583 1026 1653 diligenter
1083 1583 1329 1645 adobrui,
1384 1602 1551 1635 unum
1603 1583 1860 1651 foramen,

109 1681 154 1712 20
181 1657 324 1725 quod
373 1658 615 1725 amplum
662 1659 765 1722 est,
820 1656 1106 1724 reseruari,
1161 1656 1218 1708 111
1271 1657 1418 1709 0111113
1473 1658 1623 1709 aditu
1668 1677 1860 1711 nucem

178 1731 325 1784 intus
364 1732 639 1783 incensam
680 1731 755 1783 sic
796 1732 945 1799 poni,
990 1736 1052 1783 ut
1092 1731 1158 1782 ab
1199 1749 1306 1782 una
1343 1735 1497 1799 parte
1537 1732 1697 1784 flatus
1738 1750 1857 1800 pos-

181 1805 252 1856 sit
307 1805 569 1872 accipere‚
626 1823 758 1872 quos
815 1806 879 1857 ab
936 1804 1042 1856 alia
1094 1807 1246 1872 parte
1302 1805 1586 1857 diffundat:
1651 1807 1727 1858 sic
1782 1808 1858 1858 in-

179 1879 338 1947 pletis
387 1879 535 1930 fumo
584 1878 843 1931 cuniculis
892 1879 1067 1946 talpas
1114 1879 1201 1931 uel
1249 1878 1434 1947 fugere
1480 1879 1728 1947 protinus
1768 1881 1857 1932 uel

178 1970 370 2005 necari.

300 2162 321 2200 1
357 2156 527 2200 Contra
565 2156 742 2213 pulices
784 2157 915 2200 addit
949 2157 1013 2200 G3
1051 2158 1102 2199 in
1137 2158 1342 2214 maryiwe
1384 2158 1388 2213 1
1434 2157 1652 2213 sulphure
1689 2158 1771 2215 QS
1783 2160 1823 2202 T
1827 2160 1858 2214 z·

177 2216 364 2259 sulfure
412 2215 595 2259 Pulices
627 2231 686 2273 93
724 2218 737 2272 11
777 2222 801 2259 3
837 2215 1004 2259 cimino
1042 2216 1186 2273 QSia
1229 2218 1233 2274 1
1277 2216 1354 2259 uel
1387 2215 1425 2258 si
1458 2232 1583 2274 αο93
1619 2219 1623 2274 1
1661 2217 1858 2274 agrestis

179 2288 335 2318 semen
374 2276 547 2332 iacys,
583 2275 779 2332 agrestis
822 2289 902 2318 om
936 2290 966 2331 p
1012 2279 1026 2331 11
1071 2280 1098 2317 4
1137 2275 1352 2318 infundes
1395 2290 1521 2333 ((093
1564 2278 1568 2332 1
1613 2290 1735 2332 aqua
1768 2278 1818 2320 E
1846 2278 1860 2335 11

178 2339 205 2377 5
253 2333 402 2377 iutum
448 2335 492 2377 V
540 2335 590 2377 in
643 2349 756 2390 ras,
812 2334 1020 2377 iunctam
1074 2335 1282 2391 Eiacys
1337 2337 1350 2390 11
1413 2339 1437 2376 6
1487 2349 1728 2392 amurgam
1778 2336 1855 2393 Q}

179 2393 329 2449 spissa
363 2393 405 2436 G
436 2395 450 2449 11
482 2398 506 2436 8
541 2393 743 2436 elleboro
781 2394 877 2459 QV
883 2393 934 2449 S,
976 2393 1180 2437 elloboro
1219 2395 1260 2437 T
1291 2396 1295 2451 1
1329 2407 1472 2449 panes
1506 2395 1556 2437 E
1581 2396 1585 2450 1
1615 2394 1751 2451 adipe
1777 2410 1814 2450 p
1844 2396 1859 2454 11

180 2457 204 2494 9
236 2452 427 2507 polenta
462 2452 503 2496 G
547 2455 552 2509 1
597 2455 642 2495 et
675 2452 871 2509 agrestis
905 2452 1158 2496 cucumeris
1196 2467 1276 2496 om.
1297 2467 1333 2508 p
1378 2455 1392 2508 11
1442 2458 1494 2495 10
1527 2453 1857 2519 coloquintidis

178 2511 504 2567 LQSTGia
539 2511 866 2555 colochintidis
899 2513 951 2567 V,
985 2511 1241 2567 coloquinti
1267 2511 1451 2554 diffusio
1477 2513 1527 2555 E
1552 2517 1557 2565 1
1587 2512 1650 2555 sic
1676 2527 1757 2556 om.
1778 2528 1814 2568 p
1844 2514 1858 2571 11

182 2575 233 2613 11
271 2570 518 2612 aduersum
553 2571 594 2614 G
618 2573 631 2627 11
659 2576 712 2613 13
745 2571 1013 2614 iododafm's
1050 2571 1104 2626 G,
1138 2571 1353 2614 rodafnes
1387 2571 1447 2625 E,
1480 2571 1772 2636 rododaphes
1807 2573 1855 2627 T,

176 2629 354 2672 rododa
380 2629 430 2682 V,
465 2629 672 2672 rhododa
674 2630 812 2686 phnis
845 2645 886 2684 α,
918 2630 1276 2697 rhododaphnes
1310 2644 1397 2686 093
1421 2633 1434 2686 11
1461 2635 1515 2672 14
1539 2645 1588 2672 111
1614 2630 1740 2673 exitu
1762 2645 1821 2688 93
1844 2631 1858 2689 Ι1

181 2693 234 2730 15
267 2687 438 2731 Contra
467 2688 621 2744 talpas
654 2646 784 2733 alddzt
819 2689 883 2733 G3
914 2691 965 2732 in
996 2691 1199 2746 vmryb'ne
1227 2692 1231 2745 1
1270 2692 1573 2744 persecuntur
1609 2690 1706 2746 QV
1714 2690 1857 2733 GE
1843 2658 1857 2747 11

181 2752 234 2789 16
269 2746 449 2802 aliquid
481 2747 530 2790 E
562 2749 566 2803 1
610 2748 791 2804 generis
826 2749 875 2791 E
910 2750 924 2805 11
965 2754 1017 2791 17
1053 2748 1238 2792 cedram
1269 2748 1432 2804 LQV
1466 2747 1669 2791 cedriam
1701 2734 1856 2804 ΕΤΕ,

154 2819 331 2848 -ceram
357 2807 506 2863 Facy
530 2809 543 2862 11
575 2813 622 2849 ’19
649 2807 782 2850 obrui
807 2808 1052 2862 VTGEz‘
1088 2806 1266 2850 obstrui
1299 2810 1541 2863 (10931120
1575 2807 1773 2863 amplius
1797 2823 1819 2851 3
1845 2786 1854 2866 1

179 2864 242 2907 sit
272 2868 433 2922 (109311
459 2870 511 2907 21
548 2879 791 2909 accensam
824 2867 873 2910 E
898 2869 903 2924 1
932 2866 1130 2923 supponi
1155 2881 1190 2921 p
1228 2868 1242 2922 11
1289 2871 1342 2908 23
1376 2866 1451 2909 uel
1483 2866 1646 2922 fugare
1677 2867 1853 2923 poteris

177 2923 389 2979 protinus
421 2924 498 2967 uel
529 2939 693 2968 necare
727 2926 776 2968 E
