2072 3145
802 142 995 188 AGRIC.
1021 144 1107 187 ΠΙΙ
1133 148 1186 187 10
1731 145 1832 197 137

155 265 287 317 iulio
344 265 611 317 mediante
665 265 889 333 poterit,
946 265 1151 317 octobri
1209 284 1391 318 mense
1442 266 1576 318 locis
1623 267 1836 334 tepidis,

156 339 447 408 propagari
479 339 611 391 ficus
644 339 809 391 ramis
842 342 1036 406 potest.
1092 339 1351 390 inseritur
1384 342 1563 392 autem
1587 340 1644 392 in
1670 340 1838 408 capri-

156 414 283 481 ficO,
320 413 378 464 in
415 432 584 480 mom,
625 414 681 464 in
718 413 940 481 platano
983 416 1036 463 et
1078 413 1247 464 oculis
1289 418 1343 464 et
1384 414 1625 466 surculis
1703 415 1836 466 ficus
1857 416 1926 468 33

156 487 355 538 uirides
397 487 602 538 seruari
643 490 871 554 possunt
910 486 996 537 uel
1036 486 1094 537 in
1135 487 1292 538 melle
1335 488 1632 554 ordinatae,
1676 507 1741 539 ne
1783 507 1838 540 se

113 584 132 617 5
159 561 393 612 inuicem
441 565 692 630 tangant,
739 561 824 612 uel
871 560 1115 629 singulae
1149 561 1293 612 intra
1332 561 1557 613 uiridem
1601 562 1840 614 cucurbi-

159 638 274 686 tam
322 635 534 686 clausae
583 634 717 686 locis
764 633 1052 702 unicuique
1102 635 1308 686 cauatis
1354 640 1407 686 et
1446 634 1579 687 item
1619 639 1839 700 tessera,

159 727 293 776 quae
336 712 562 776 secatur,
600 709 824 760 inclusis
865 726 1124 776 suspensa
1165 727 1226 760 ea
1266 708 1560 772 cucurbita,
1602 710 1695 761 ubi
1730 728 1841 762 non

157 782 229 833 sit
266 781 409 851 ignis
452 789 545 833 aut
585 782 779 834 fumus
841 782 932 833 alii
973 782 1166 834 missas
1206 783 1339 834 ficus
1380 787 1619 835 recentes
1660 783 1837 836 minus

158 859 399 908 maturas
447 856 504 908 in
550 875 691 908 nouo
739 875 866 908 uase
914 856 1072 908 fictili
1111 857 1279 908 lectas
1321 875 1442 909 cum
1482 858 1742 925 pediculis
1786 863 1839 910 et

91 954 133 985 10
159 949 189 981 a
237 948 291 982 se
342 933 617 998 separatas
666 931 948 982 recludunt
995 933 1049 981 et
1094 931 1150 981 in
1198 930 1340 982 dolio
1385 931 1500 982 uini
1540 932 1699 999 pleno
1741 950 1837 983 uas

158 1007 343 1056 natare
385 1004 722 1070 permittunt.
785 1003 1052 1055 Martialis
1093 1004 1224 1056 dicit
1265 1005 1468 1057 caricas
1508 1024 1603 1073 per
1643 1023 1839 1075 genera
1859 1006 1929 1058 34

158 1078 331 1129 multa
357 1079 575 1141 seruari,
610 1096 731 1130 cum
756 1078 894 1130 ratio
921 1097 1026 1129 una
1052 1077 1303 1130 sufficiat.
1348 1096 1476 1148 ergo
1502 1080 1604 1131 hoc
1632 1097 1840 1149 genere,

159 1169 263 1219 quo
299 1149 596 1219 Campania
628 1156 748 1203 tota
781 1152 1030 1218 custodit,
1064 1170 1279 1204 seruare
1313 1153 1584 1205 debemus
1637 1153 1692 1205 in
1726 1172 1841 1206 cra-

158 1226 304 1277 tibus
358 1227 492 1278 ficus
545 1225 865 1293 expanditur
911 1244 1079 1294 usque
1129 1227 1194 1277 ad
1242 1227 1519 1278 meridiem
1567 1231 1620 1279 et
1668 1228 1839 1280 adhuc

92 1323 133 1355 15
159 1299 339 1352 mollis
379 1300 436 1350 in
477 1300 696 1367 qualum
736 1299 1054 1352 refunditur.
1118 1304 1247 1352 tunc
1289 1300 1548 1353 calefacto
1581 1301 1739 1353 furno
1775 1302 1839 1353 ad

159 1375 311 1441 panis
353 1373 614 1442 coquendi
656 1374 875 1425 modum
909 1375 1206 1442 subpositis
1241 1375 1415 1426 tribus
1449 1374 1735 1442 lapidibus,
1774 1394 1840 1427 ne

159 1447 345 1499 ardeat
379 1448 584 1515 qualus,
615 1447 910 1499 includitur
951 1453 1018 1515 et,
1060 1449 1239 1500 clauso
1280 1448 1437 1500 furno
1475 1449 1568 1500 ubi
1603 1449 1842 1501 discocta

158 1522 291 1573 ficus
332 1521 511 1591 fuerit,
552 1521 691 1573 sicut
731 1526 813 1573 est
855 1522 1040 1590 calida,
1081 1522 1418 1588 interpositis
1458 1522 1603 1574 foliis
1643 1524 1752 1575 suis
1787 1523 1842 1575 in

159 1613 255 1646 uas
302 1595 468 1648 fictile
517 1595 765 1647 conditur
813 1596 946 1647 bene
994 1596 1237 1663 picatum
1285 1597 1498 1648 densius
1546 1615 1732 1664 pressa
1788 1602 1841 1649 et

91 1694 133 1725 ρο
160 1670 411 1741 operculo
461 1669 750 1738 diligenter
799 1670 1099 1722 obducitur.
1178 1671 1222 1721 si
1274 1670 1473 1737 pluuiis
1522 1671 1930 1724 abundanti-35

158 1744 256 1795 bus
305 1746 478 1795 crates
526 1762 635 1794 non
681 1744 857 1811 possis
907 1745 1225 1811 expandere,
1281 1746 1379 1795 sub
1431 1747 1576 1796 tecto
1626 1763 1714 1796 eas
1762 1745 1841 1796 ita

158 1817 331 1886 poniS,
369 1822 431 1868 ut
473 1817 743 1884 semipede
785 1817 1064 1886 erigantur
1105 1836 1134 1868 a
1173 1820 1320 1869 terra
1360 1822 1414 1869 et
1447 1836 1534 1869 eas
1570 1820 1635 1870 ad
1667 1819 1842 1871 uicem

160 1891 289 1942 solis
341 1889 474 1942 cinis
524 1891 797 1942 subiectus
845 1895 1072 1959 uaporet
1120 1895 1173 1942 et
1224 1892 1447 1943 subinde
1495 1893 1650 1957 ficus,
1701 1893 1842 1945 sicut

159 1968 242 2016 est
298 1963 492 2031 diuisa,
546 1968 814 2029 uertatur,
868 1970 929 2016 ut
983 1966 1208 2017 ficorum
1266 1967 1410 2018 coria
1465 1966 1734 2018 siccentur
1789 1970 1842 2018 et

93 2062 134 2094 25
159 2038 378 2107 pulpae:
411 2042 539 2090 tunc
573 2039 846 2106 duplicata
877 2040 934 2090 in
967 2039 1189 2091 cistellis
1229 2044 1474 2091 seruetur
1507 2048 1601 2091 aut-
1632 2040 1839 2092 loculis

159 2112 252 2163 alii
301 2116 541 2163 maturas
590 2112 932 2164 mediocriter
978 2114 1110 2165 ficus
1160 2117 1214 2164 et
1262 2114 1462 2165 diuisas
1503 2115 1559 2165 in
1599 2115 1838 2166 cratibus

279 2233 300 2270 1
335 2227 467 2270 Iunio
502 2242 625 2284 (ceys
649 2230 663 2283 ΙΙ
689 2232 712 2269 2
746 2227 908 2270 utilius
936 2242 1022 2282 pro
1053 2228 1193 2270 ramis
1219 2228 1302 2284 Fu
1325 2234 1352 2270 4
1386 2243 1433 2271 se
1466 2243 1533 2272 om
1580 2229 1616 2286 Q
1640 2232 1652 2285 ΙΙ
1679 2234 1703 2272 5
1738 2243 1842 2273 con—

158 2286 348 2343 tingant
373 2302 407 2342 p
450 2289 454 2342 Ι
500 2286 787 2330 cucurbitem
819 2288 864 2329 P
898 2289 912 2342 ΙΙ
953 2292 976 2329 6
1018 2287 1261 2330 cauabatis
1302 2288 1447 2344 PLQ
1491 2291 1495 2343 Ι
1539 2291 1719 2331 tessara
1752 2289 1802 2331 E
1829 2289 1843 2331 ἶῖ

161 2351 183 2387 7
235 2345 429 2388 seccatis
477 2347 543 2401 E,
595 2349 816 2400 sequatur
862 2347 880 2388 i
929 2349 934 2400 Ι
986 2360 1247 2414 suspensae.
1314 2346 1587 2390 acucurbita
1635 2348 1840 2404 PQSE,

161 2419 408 2472 suspensus
443 2405 716 2448 acucurbita
749 2407 791 2448 L
843 2406 847 2461 Ι
899 2418 954 2447 ea
986 2419 1067 2449 om.
1094 2407 1112 2448 i
1157 2408 1171 2462 ΙΙ
1219 2411 1244 2448 8
1277 2406 1352 2449 uel
1385 2420 1530 2462 ωορδ,
1572 2406 1723 2449 fumus
1764 2407 1840 2450 uel

158 2479 280 2520 ignis
312 2465 330 2506 z·
372 2465 377 2520 Ι
420 2464 528 2507 ficos
554 2465 759 2521 PLQV
800 2467 812 2519 ΙΙ
861 2469 884 2506 9
925 2464 1048 2507 fasse
1074 2479 1161 2520 pro
1193 2479 1304 2508 uase
1337 2467 1379 2508 L
1420 2467 1424 2520 Ι
1464 2465 1609 2508 lectas
1643 2480 1723 2508 om.
1750 2466 1801 2508 E
1828 2466 1843 2524 ΙΙ

163 2528 215 2565 10
265 2522 492 2579 sepaiatis
533 2524 582 2565 E
626 2526 639 2579 ΙΙ
696 2529 747 2566 11
797 2522 1037 2566 uartiales
1085 2525 1126 2568 G
1177 2526 1181 2581 Ι
1233 2524 1405 2567 scarias
1455 2525 1504 2566 E
1548 2527 1560 2579 ΙΙ
1610 2530 1662 2567 15
1710 2524 1841 2567 fomo

161 2582 315 2626 PGF
335 2584 349 2638 ΙΙ
375 2586 427 2624 17
455 2582 605 2636 qualis
628 2583 664 2639 Q
693 2585 697 2639 Ι
726 2582 856 2626 forno
882 2583 978 2626 PG
1001 2585 1014 2639 ΙΙ
1042 2588 1094 2627 18
1120 2584 1231 2626 ficus
1258 2598 1339 2626 om.
1359 2584 1408 2626 E
1433 2585 1437 2639 Ι
1466 2582 1742 2639 interposita
1764 2584 1837 2626 G'

159 2641 208 2684 in
239 2654 351 2684 uase
383 2640 517 2683 fictili
550 2641 808 2694 custoditur
840 2642 889 2684 E
918 2643 930 2697 ΙΙ
966 2647 1018 2684 20
1054 2642 1091 2685 si
1123 2642 1629 2698 pluuiis—coniungat
1660 2656 1740 2686 om.
1762 2658 1797 2698 p
1833 2619 1837 2700 Ι

158 2699 313 2756 pluuis
347 2700 401 2754 P,
433 2699 589 2755 puluis
622 2702 671 2743 E
714 2704 726 2756 ΙΙ
776 2707 826 2742 21
860 2700 1008 2756 possit
1039 2703 1089 2744 E
1132 2705 1145 2757 ΙΙ
1193 2707 1245 2743 22
1279 2700 1464 2757 reponis
1496 2702 1546 2743 E
1587 2703 1591 2757 Ι
1636 2701 1842 2758 erigatur

162 2759 510 2815 PLQVSTF
549 2763 562 2815 ΙΙ
607 2765 660 2802 ‘23
696 2760 810 2802 cinis
845 2759 1022 2802 calidus
1056 2775 1134 2815 as,
1170 2760 1285 2803 cinis
1320 2760 1538 2817 [calidus]
1572 2775 1629 2817 cy
1679 2763 1684 2817 Ι
1735 2761 1841 2803 sub-

160 2817 306 2861 iectos
338 2819 381 2861 L
418 2820 422 2873 Ι
466 2818 576 2860 ficus
611 2833 692 2862 om.
720 2819 769 2861 E
803 2820 806 2876 Ι
853 2818 971 2862 sicut
1002 2833 1188 2863 uersum
1221 2822 1291 2862 est
1324 2818 1476 2861 diuisa
1507 2821 1718 2862 uertatur
1749 2821 1798 2862 E
1827 2822 1839 2847 'l

162 2881 215 2919 25
251 2876 519 2933 duplicatae
553 2892 677 2934 acys
720 2880 724 2934 Ι
770 2881 1014 2920 seruantur
1050 2880 1100 2933 T,
1142 2880 1384 2922 seruentur
1416 2892 1542 2935 (ceys
1581 2883 1594 2932 ΙΙ
1635 2883 1688 2921 26
1729 2879 1840 2922 ficus

161 2949 242 2979 om.
270 2937 313 2979 L
