2072 3145
58 1242 100 1274 10

54 2146 98 2178 20

53 2512 98 2547 25

684 116 879 162 AGRIC.
906 117 1035 161 XHH
1059 121 1263 161 97—136
1708 119 1817 174 267

205 242 447 294 exarmat
485 238 643 308 fetuS‚
684 239 776 292 sed
815 239 1040 292 brachia
1078 239 1290 292 roboris
1332 242 1509 292 armat
1840 241 1947 294 115

279 317 561 369 castaneae
600 332 806 383 prunus
845 313 994 367 iussa
1033 316 1215 366 tenere
1254 313 1440 366 larem.

751 521 851 574 DE
893 518 1202 583 SILIQVA.

201 624 546 679 Adsuescunt
585 625 812 694 siliquae
852 625 1014 678 uiridi
1054 626 1369 679 mollescere
1409 644 1540 680 suco

278 703 332 752 et
371 700 578 770 gremio
617 702 848 769 pascunt
890 718 1041 753 cerea
1079 718 1241 769 poma
1281 719 1395 753 suo,

810 892 907 944 DE
948 891 1132 946 FICV.

200 995 496 1050 Persuadet
535 996 702 1050 moris
743 999 947 1049 tetrum
985 997 1196 1048 uariare
1238 996 1478 1049 colorem

273 1072 406 1125 ficus
448 1075 502 1123 et
541 1071 746 1123 inuasis
789 1071 880 1122 dat
921 1088 1018 1123 sua
1057 1071 1176 1123 iura
1217 1071 1401 1123 comis,
1830 1071 1939 1124 120

201 1163 256 1198 se
298 1163 509 1215 quoque
551 1145 781 1197 miratur
819 1144 1011 1214 pingui
1050 1144 1402 1214 grandescere
1445 1163 1576 1198 suco

274 1223 328 1272 et
369 1220 592 1272 solitum
633 1220 832 1289 gaudet
872 1219 1086 1272 uincere
1127 1237 1291 1287 poma
1329 1219 1566 1274 modum.

199 1293 440 1364 insignes
481 1293 628 1346 foliis
669 1294 938 1362 platanos,
976 1292 1157 1346 felicia
1197 1292 1398 1345 mensis

271 1366 508 1436 brachia,
550 1368 846 1437 gaudentes
887 1366 1017 1419 uitis
1057 1367 1262 1419 honore
1304 1385 1502 1437 comaS‚

197 1442 504 1512 ingrediens
544 1441 736 1511 pingui
777 1459 832 1493 se
874 1441 1073 1494 cortice
1113 1441 1351 1493 maxima
1389 1442 1525 1494 ficus
1830 1441 1937 1494 125

273 1519 453 1569 seruat
494 1520 548 1568 et
589 1519 808 1584 optatos
847 1513 1022 1583 inplet
1063 1515 1256 1584 adepta
1296 1515 1463 1570 sinus·

782 1722 880 1774 DE
922 1720 1148 1775 MORO.

195 1826 387 1880 Mutua
427 1826 558 1895 quin
598 1825 763 1878 etiam
804 1825 970 1878 moris
1013 1826 1336 1878 commercia
1375 1825 1512 1878 ficus

269 1903 511 1970 praestat
552 1903 606 1952 et
646 1900 892 1952 oblatum
931 1900 1126 1951 robore
1168 1917 1390 1969 germen
1428 1900 1544 1954 alit.

194 1975 438 2028 fraxinus
477 1973 604 2027 huic
644 1974 834 2026 auidae
876 1974 1087 2026 confert
1128 1992 1224 2026 sua
1264 1974 1510 2027 membra
1548 1974 1726 2028 sodali

270 2052 324 2102 et
363 2048 559 2101 metuit
597 2048 739 2100 fetus
782 2066 970 2116 sparsa
1009 2066 1196 2100 cruore
1235 2066 1422 2100 nouos.
1832 2049 1941 2102 130

195 2141 446 2193 proceras
487 2122 644 2192 fagos
685 2126 740 2174 et
778 2140 940 2190 poma
977 2121 1191 2174 hirsuta
1231 2121 1460 2175 uirentis

271 2202 554 2251 castaneae
595 2196 743 2249 duris
785 2214 976 2264 aspera
1013 2196 1157 2247 mala
1197 2195 1365 2249 comis

194 2271 439 2325 inficiens
480 2273 750 2324 monstrat
788 2270 940 2339 piceo
979 2269 1283 2339 nigrescere
1322 2273 1499 2339 partu,

271 2348 326 2398 et
365 2363 492 2398 suco
532 2345 708 2414 pascit
748 2344 965 2414 turgida
1002 2361 1166 2412 poma
1203 2362 1362 2399 nou0.

197 2418 513 2487 obsequitur
553 2419 719 2471 moris
760 2418 957 2470 blando
999 2417 1339 2470 terebinthus
1382 2418 1545 2471 odore
1829 2418 1938 2472 135

271 2496 324 2545 et
364 2493 593 2562 geminis
636 2492 860 2545 ueniunt
898 2511 1122 2544 munera
1161 2492 1332 2544 mixta
1371 2492 1547 2545 bonis,

240 2685 269 2724 4
299 2680 467 2737 silique
491 2681 536 2725 A
560 2684 575 2739 ΙΙ
599 2687 623 2725 5
658 2684 813 2725 cetera
845 2695 993 2725 onmes
1019 2687 1203 2737 praeter
1233 2681 1405 2724 ΑΒΗ
1429 2682 1444 2737 Η
1484 2685 1509 2724 6
1534 2680 1615 2723 DE
1647 2679 1811 2726 FIOV-

120 2739 235 2784 BVS
256 2740 309 2795 G,
342 2740 411 2784 De
442 2741 621 2785 ficubus
654 2742 699 2784 B
746 2744 760 2797 ΙῙ
808 2745 831 2783 7
865 2743 1046 2784 mutare
1082 2741 1334 2797 CBiacys
1375 2742 1390 2795 11
1445 2743 1471 2782 8
1503 2739 1553 2782 in
1584 2739 1712 2784 uasis
1743 2741 1798 2800 i}

123 2803 177 2843 15
194 2799 264 2843 De
287 2799 430 2843 Moris
447 2801 496 2844 D
520 2803 534 2858 Η
561 2806 613 2845 16
633 2798 888 2844 conmertia
904 2801 1004 2843 AB
1028 2802 1042 2856 ΙΙ
1069 2805 1120 2843 17
1140 2799 1326 2842 Prestat
1341 2799 1441 2842 AB
1465 2800 1480 2855 ΙΙ
1506 2804 1560 2843 18
1581 2799 1779 2844 auideA

120 2857 544 2962 {ciffiffug'BHiacys
577 2862 592 2917 Η
632 2865 685 2903 21
714 2859 939 2903 Castanee
963 2860 1008 2903 A
1048 2862 1062 2916 Η
1102 2864 1157 2902 24
1181 2857 1477 2902 therebintus
1502 2859 1619 2916 AB,
1652 2859 1812 2904 there-
