2014 3169
174 132 278 183 150
869 133 1149 177 PALLADII

194 372 292 425 DE
334 369 618 424 MEDICA
661 369 1013 424 SERENDA-
1047 372 1140 425 ET
1180 372 1599 427 DISCIPLINA
1638 374 1825 428 EIVS.

116 473 142 526 I
285 475 403 527 Hoc
458 493 639 527 mense
694 476 752 527 in
801 476 937 528 areis
949 520 961 544 ,
1019 496 1149 545 quas
1206 481 1352 546 ante,
1408 477 1546 531 sicut
1600 480 1848 549 diximUS,

167 549 527 619 praeparasti,
576 548 781 602 medica
831 552 1052 602 serenda
1099 555 1201 603 est:
1258 570 1391 621 quae
1440 554 1602 605 semel
1652 554 1848 607 seritur

169 628 223 676 et
279 624 461 676 decem
511 624 664 675 annis
712 629 1016 692 permanet,
1072 626 1151 677 ita
1196 628 1258 678 ut
1306 629 1495 694 quater
1542 627 1629 679 uel
1676 628 1846 681 sexies

167 698 345 766 possit
383 716 478 766 per
512 716 709 749 annum
744 699 921 750 recidi.
986 717 1175 768 agrum
1209 703 1488 769 stercorat,
1527 719 1708 753 macra
1739 703 1847 754 ani·
1894 722 1913 754 5

168 771 332 823 malia
370 771 558 840 reficit,
600 775 752 823 curat
793 776 1029 840 aegrota.
1102 773 1347 842 iugerum
1391 774 1504 827 eius
1544 778 1663 827 toto
1706 794 1846 828 anno

167 845 343 897 tribus
393 845 542 913 equis
592 844 800 897 abunde
851 846 1067 899 suffieit.
1147 847 1346 916 singuli
1395 848 1580 916 cyathi
1627 850 1845 902 seminis

168 923 432 987 occupant
472 920 651 971 locum
692 920 864 971 latum
899 920 1124 988 pedibus
1161 922 1409 990 quinque,
1449 921 1672 991 longum
1705 924 1847 991 pedi-

95 992 126 1042 2
165 994 264 1045 bus
307 994 503 1045 decem.
568 994 659 1044 sed
701 1013 824 1046 mox
864 994 1057 1063 ligneis
1099 995 1335 1047 rastellis
1377 996 1675 1048 obruantur
1706 999 1848 1050 iacta

167 1068 393 1134 semina,
435 1068 559 1136 quia
599 1067 710 1119 sole
752 1068 908 1120 citius
951 1069 1334 1121 conburuntur.
1412 1073 1539 1138 post
1579 1071 1846 1123 sationem
1870 1093 1913 1123 ιο

164 1141 307 1193 ferro
355 1142 535 1193 locum
582 1142 735 1211 tangi
781 1161 890 1194 non
935 1142 1086 1211 licet,
1135 1142 1226 1195 sed
1274 1144 1466 1195 rastris
1506 1144 1702 1214 ligneis
1743 1145 1843 1197 fre-

165 1219 391 1284 quenter
423 1215 590 1267 herba
624 1217 924 1284 mundetur,
957 1236 1022 1268 ne
1057 1221 1297 1269 teneram
1329 1219 1591 1270 medicam
1615 1223 1841 1287 premat.

91 1288 124 1340 3
162 1290 339 1358 prima
385 1290 575 1341 messis
617 1290 729 1341 eius
770 1291 976 1342 tardius
1017 1291 1134 1357 fiat,
1181 1296 1242 1343 ut
1283 1292 1621 1360 aliquantum
1662 1311 1844 1345 semen

165 1364 415 1416 excutiat:
496 1367 703 1416 ceterae
751 1383 878 1416 uero
928 1383 1152 1432 messeS‚
1210 1384 1369 1434 quam
1424 1367 1660 1419 uolueris
1717 1368 1843 1436 cito,

162 1442 491 1506 peragantur
524 1442 577 1489 et
601 1439 856 1490 iumentis
881 1439 1254 1507 praebeantur.
1311 1440 1402 1491 sed
1427 1441 1600 1508 primo
1627 1442 1841 1509 parcius
1870 1463 1910 1495 15

163 1512 468 1579 praebenda
507 1516 589 1563 est
627 1513 843 1564 nouitas
884 1514 1091 1580 pabuli:
1140 1514 1293 1565 infiat
1334 1515 1475 1566 enim
1517 1518 1570 1566 et
1610 1516 1843 1567 multum

165 1586 482 1655 sanguinem
537 1590 698 1638 creat.
776 1587 868 1638 ubi
927 1587 1184 1655 secueriS‚
1240 1588 1450 1655 saepius
1510 1589 1639 1658 riga.
1718 1593 1843 1658 post

162 1678 361 1728 paucos
396 1660 522 1727 dies,
557 1678 675 1712 cum
709 1659 963 1713 fruticare
990 1662 1243 1730 eoeperit,
1276 1680 1459 1714 omnes
1486 1662 1619 1715 alias
1645 1663 1840 1716 herbas

163 1738 404 1787 runcato,
460 1734 559 1785 ‘ita
615 1738 669 1786 et
724 1735 895 1787 sexies
950 1754 1044 1804 per
1100 1754 1297 1787 annum
1353 1740 1521 1788 metes
1578 1741 1631 1788 et
1686 1738 1838 1789 annis

165 1809 346 1860 decem
386 1809 587 1877 poterit
627 1827 841 1861 manere
883 1810 1168 1862 continuis,
1866 1834 1908 1864 20

363 1999 460 2051 DE
501 1999 937 2054 INsERENDA
978 1984 1171 2054 oLEA
1211 2002 1303 2054 ET
1345 2001 1647 2056 OETERA.

75 2101 130 2153 II
276 2101 433 2155 Nune
488 2104 620 2156 loeis
670 2106 984 2173 temperatis
1035 2107 1180 2158 oliua
1228 2107 1516 2159 inseratur:
1574 2125 1707 2174 quae
1763 2107 1844 2158 in-

167 2179 365 2228 seritur
420 2179 560 2229 inter
612 2179 867 2231 corticem
922 2199 1069 2232 more
1123 2199 1428 2249 pomorum,
1487 2180 1625 2232 sieut
1681 2199 1843 2249 supra

166 2251 367 2303 dictum
401 2256 496 2303 est.
561 2253 649 2303 sed
684 2256 744 2304 ut
777 2254 1010 2306 oleastro
1045 2255 1265 2318 inseraS‚
1300 2258 1487 2307 eontra
1519 2255 1666 2323 illud,
1701 2256 1841 2323 quod

287 2402 307 2438 1
344 2396 418 2439 ET
452 2397 783 2441 DISCIPLINA
816 2398 949 2442 EIVS
983 2413 1063 2443 om.
1091 2401 1140 2443 Ε
1176 2402 1188 2455 ΙΙ
1231 2405 1254 2442 2
1296 2399 1444 2455 Aprili
1485 2413 1641 2443 mense
1674 2414 1800 2457 acys

166 2454 331 2497 inartis
369 2457 410 2499 G
438 2458 442 2510 Ι
473 2456 670 2499 diximus
705 2460 813 2500 ante
847 2458 1014 2501 debere
1047 2459 1314 2515 praeparari
1341 2474 1376 2514 p
1399 2462 1412 2515 ΙΙ
1438 2465 1462 2502 3
1495 2459 1728 2502 medicina
1756 2460 1798 2502 L

169 2514 303 2557 simul
330 2516 347 2557 z·
372 2520 385 2570 ΙΙ
409 2521 435 2557 4
470 2518 515 2558 et
540 2530 621 2559 om.
650 2517 792 2574 Ecys
820 2519 825 2573 Ι
854 2516 900 2559 in
935 2518 1092 2561 decem
1119 2520 1160 2562 L
1184 2521 1197 2573 ΙΙ
1224 2524 1246 2560 7
1282 2518 1466 2561 abunde
1492 2533 1573 2562 om.
1599 2534 1629 2575 p
1659 2521 1663 2573 Ι
1692 2518 1843 2574 quiati

166 2575 259 2617 PL
275 2574 415 2630 Qss'T,
451 2575 542 2630 qui.
579 2575 720 2618 aciati
755 2577 803 2630 V7
838 2577 969 2631 quati
1006 2579 1059 2631 G,
1095 2578 1205 2620 ciati
1238 2578 1286 2620 Ε
1314 2580 1327 2633 ΙΙ
1364 2582 1388 2619 8
1421 2578 1617 2634 pedibus
1648 2578 1712 2621 VI
1737 2579 1800 2633 pi
1835 2578 1839 2634 Ι

165 2633 361 2688 pedibus
382 2641 483 2689 post
507 2635 697 2691 longum
723 2650 803 2678 om.
831 2637 848 2677 i
872 2638 884 2690 ΙΙ
911 2641 934 2677 9
960 2637 1186 2680 rastrellis
1214 2638 1262 2680 E
1282 2639 1296 2691 ΙΙ
1324 2642 1375 2679 10
1403 2637 1497 2680 sole
1522 2652 1602 2680 om.
1636 2637 1673 2693 Q
1699 2639 1705 2693 Ι
1733 2637 1844 2680 Post

168 2692 394 2735 sationem
428 2707 536 2736 uero
570 2694 688 2737 ferro
716 2695 764 2737 E
785 2698 798 2750 ΙΙ
825 2699 877 2736 13
910 2696 1080 2738 mensis
1107 2698 1148 2739 L
1167 2697 1208 2738 V
1232 2699 1235 2753 Ι
1266 2696 1344 2738 fiet
1368 2711 1495 2753 acys
1524 2698 1528 2751 Ι
1558 2710 1713 2739 semen
1746 2695 1842 2738 eius

168 2764 260 2793 exc.
281 2753 330 2794 Ε
351 2754 364 2806 ΙΙ
392 2757 442 2794 17
472 2753 561 2795 Vbi
588 2753 716 2809 epius
744 2754 915 2796 securis
935 2756 992 2808 E,
1021 2755 1165 2797 seruis
1185 2770 1270 2811 pro
1297 2755 1495 2798 secueris
1508 2771 1542 2810 p
1565 2758 1578 2810 ΙΙ
1606 2760 1658 2798 18
1683 2755 1843 2798 fructi-

167 2810 303 2853 ficare
344 2812 518 2865 LEG,
560 2812 810 2856 frutificare
854 2815 868 2855 i
891 2816 904 2868 ΙΙ
933 2819 983 2855 19
1033 2817 1246 2857 truncato
1290 2816 1336 2869 ιῗΙ
1377 2814 1444 2857 ita
1484 2818 1535 2857 ut
1574 2813 1720 2857 sexies
1754 2815 1801 2857 Ε
1834 2815 1839 2871 Ι

166 2872 314 2911 metas
349 2871 407 2924 E,
441 2871 575 2914 metis
608 2874 739 2915 ceteri
777 2875 790 2928 ΙΙ
831 2877 884 2915 20
917 2873 1069 2928 potuit
1102 2875 1144 2916 L
1183 2876 1196 2929 ΙΙ
1238 2878 1288 2915 21
1325 2873 1401 2915 DE
1437 2873 1617 2916 OLIVA
1650 2874 1728 2928 ΕΙ
1766 2873 1842 2916 ΕΤ

166 2926 397 2971 CETERx
434 2944 513 2973 om.
544 2931 684 2974 Eiac
708 2934 721 2987 ΙΙ
748 2937 801 2973 22
835 2931 1053 2974 inseritur
1086 2933 1134 2975 E
1155 2935 1168 2988 ΙΙ
1194 2938 1248 2975 24
1282 2946 1371 2988 quo
1409 2932 1446 2989 Q
