2014 3169
189 153 219 202 6
883 150 1165 193 PALLADH

188 271 361 340 magis
404 271 674 339 displicet,
714 270 1124 340 glebam'fictili
1163 288 1291 322 uase
1331 270 1472 323 dulci
1512 288 1650 339 aqua
1688 271 1862 322 made-

115 347 149 397 4
189 345 387 397 factam
427 345 624 397 iudicio
659 345 866 413 saporis
902 345 1160 413 explores
1221 344 1394 395 uineis
1429 362 1638 416 quoque
1670 345 1861 397 utilem

190 437 283 486 per
323 419 454 470 haec
494 419 649 487 signa
690 436 993 488 cognosces.
1059 419 1103 470 si
1145 417 1339 473 coloris
1381 421 1434 469 et
1473 418 1712 486 corporis
1753 418 1862 473 rari

189 491 528 559 aliquatenus
571 495 729 560 atque
769 492 995 544 resoluti
1035 496 1138 561 est,
1186 492 1229 543 si
1269 491 1530 561 uirgulta,
1571 510 1704 562 quae
1743 510 1863 561 pro-

189 566 337 632 tulit,
392 565 553 634 leuia,
604 567 796 634 nitida,
847 584 1091 634 procera,
1139 565 1365 617 fecunda
1412 570 1558 632 sunt,
1604 569 1666 617 ut
1713 566 1861 634 piros

188 638 485 704 siluestres,
533 657 756 708 prunos,
796 640 981 707 rubos,
1023 644 1303 707 ceteraque
1343 638 1651 691 huiusmodi
1689 658 1862 707 neque

188 714 391 764 intorta
422 730 593 781 neque
629 714 848 771 sterilia*
867 732 1038 782 neque
1064 732 1243 765 macra
1269 713 1509 765 exilitate
1533 713 1862 782 languentia.

189 785 325 837 situs
366 790 801 839 ueroterrarum
839 806 1012 856 neque
1053 787 1268 856 planus,
1307 791 1368 838 ut
1409 790 1647 856 stagnet,
1689 804 1861 855 neque

187 864 532 928 praeruptus,
586 865 647 921 ut
695 862 915 930 defluat,
968 879 1139 929 neque
1188 862 1435 928 obrutUS,
1484 864 1544 912 ut
1590 861 1646 913 in
1692 860 1861 913 imum

185 934 390 985 deiecta
436 935 577 986 ualle
620 935 884 1002 subsidat,
930 954 1100 1004 neque
1143 936 1360 1003 arduuS,
1409 938 1469 986 ut
1509 938 1861 1002 tempestates

183 1007 447 1060 inmodice
489 1009 688 1060 sentiat
729 1013 782 1061 et
822 1008 1048 1070 calores:
1090 1010 1181 1061 sed
1215 1026 1279 1060 ex
1310 1009 1394 1060 liis
1431 1009 1679 1061 omnibus
1711 1009 1861 1061 utilis

184 1099 393 1150 semper
442 1085 524 1133 est
574 1086 802 1151 aequata
846 1083 1185 1135 mediocritas
1235 1087 1289 1135 et
1328 1083 1415 1139 uel
1456 1101 1674 1151 campus
1715 1101 1863 1152 aper-

182 1155 289 1207 tior
330 1160 382 1207 et
422 1174 663 1209 umorem
704 1158 949 1225 pluuium
995 1158 1134 1209 cliuo
1175 1156 1394 1209 fallente
1436 1156 1734 1209 subducens
1774 1157 1862 1209 uel

185 1229 337 1280 collis
378 1229 616 1282 molliter
654 1249 765 1299 per,
788 1232 958 1283 latera
998 1230 1259 1283 inclinata
1296 1232 1551 1283 deductus
1584 1230 1671 1283 uel
1702 1230 1860 1283 uallis

184 1321 305 1354 cum
353 1304 582 1371 quadam
628 1306 994 1358 moderatione
1036 1310 1089 1357 et
1129 1305 1266 1357 aeris
1308 1305 1531 1357 laxitate
1573 1304 1861 1357 summissa

181 1376 268 1427 uel
310 1395 463 1430 mons
499 1378 719 1431 alterius
762 1379 1010 1432 culminis
1052 1379 1300 1431 defensus
1342 1379 1558 1431 obiectu
1597 1384 1652 1431 et
1685 1398 1715 1431 a
1747 1398 1862 1431 mo-

181 1450 494 1505 lestioribus
543 1454 718 1505 uentis
774 1454 911 1506 liber
967 1453 1165 1506 auxilio
1223 1453 1404 1522 aliquo
1460 1454 1545 1511 uel
1601 1453 1862 1521 sublimiS,

184 1542 353 1592 asper,
388 1525 479 1577 sed
510 1545 826 1580 nemorosus
859 1531 912 1580 et
943 1528 1213 1588 herbidus.
1265 1528 1356 1580 sed
1383 1546 1503 1580 cum
1530 1527 1639 1579 sint
1664 1545 1860 1597 genera

182 1601 449 1662 terrarum
496 1600 751 1670 plurima,
801 1606 862 1654 ut
908 1602 1125 1672 pinguis
1176 1605 1269 1653 aut
1310 1620 1509 1669 macra,
1560 1602 1734 1669 spissa
1773 1601 1861 1654 uel

180 1690 316 1740 rara,
350 1673 492 1725 sicca
525 1675 610 1726 uel
643 1676 827 1728 umida
859 1679 912 1729 et
944 1695 1008 1728 ex
1040 1676 1124 1728 his
1149 1676 1402 1745 pleraque
1429 1675 1642 1743 uitiosa,
1676 1679 1860 1728 tamen

179 1751 399 1814 propter
430 1748 695 1801 seminum
721 1750 1077 1811 differentiam
1103 1769 1258 1818 saepe
1283 1749 1597 1808 necessaria*
1613 1750 1860 1819 maxime,

181 1820 320 1872 sicut
372 1839 533 1888 supra
581 1823 711 1890 dixi,
769 1824 1045 1894 eligendus
1097 1828 1178 1876 est
1217 1823 1434 1893 pinguis
1482 1841 1543 1876 ac
1589 1823 1859 1876 resolutus

180 1910 324 1961 ager,
364 1896 455 1962 qui
496 1896 778 1960 minimum
818 1899 1059 1950 laborem
1099 1898 1254 1967 petit,
1291 1897 1528 1950 fructum
1565 1897 1860 1950 maximum

179 1967 368 2018 reddit.
433 1971 650 2022 secundi
690 1972 870 2024 meriti
912 1977 994 2025 est
1036 1972 1255 2042 spiSSUS,
1297 1972 1388 2040 qui
1424 1972 1607 2024 labore
1643 1972 1856 2040 quidem

178 2042 434 2110 maximo,
477 2047 660 2096 tamen
700 2047 764 2097 ad
805 2050 935 2098 uota
974 2047 1279 2116 respondet.
1349 2046 1482 2098 illud
1521 2063 1648 2098 uero
1690 2046 1857 2098 deter-

177 2115 373 2167 rimum
414 2134 581 2185 genus
624 2123 722 2187 est,
764 2122 905 2188 quod
947 2122 1050 2172 erit
1091 2121 1290 2172 siccum
1330 2120 1490 2172 simul
1532 2123 1585 2172 et
1623 2120 1858 2188 spissum

177 2192 230 2239 et
287 2208 527 2242 macrum
582 2193 668 2244 uel
724 2193 1010 2264 frigidum:
1082 2195 1172 2263 qui
1229 2211 1356 2264 ager
1409 2193 1654 2262 pestiferi
1710 2211 1858 2246 more

175 2262 461 2332 fugiendus
503 2269 598 2317 est.

299 2398 319 2435 1
357 2394 621 2439 madefacta
643 2397 679 2453 Q
704 2401 716 2452 Η
742 2403 765 2440 2
800 2399 855 2441 de
889 2402 1011 2442 terra
1044 2398 1091 2441 in
1116 2414 1209 2454 qua
1233 2399 1448 2455 ponenda
1474 2402 1543 2441 est
1567 2398 1702 2442 vinea
1727 2399 1859 2442 addit

180 2452 245 2509 (1²⁰ss
276 2453 327 2495 in
362 2456 565 2511 maryine
593 2458 597 2510 Ι
628 2456 763 2500 utilia
800 2459 849 2513 T,
892 2462 1062 2501 terram
1096 2460 1226 2502 addit
1260 2458 1324 2501 G³
1355 2472 1497 2513 supra
1521 2461 1534 2513 Η
1560 2463 1584 2500 3
1619 2457 1858 2515 cognoscis

177 2511 323 2554 §GE
360 2514 373 2567 Η
414 2518 437 2555 6
472 2528 644 2568 prunus
671 2517 721 2569 V,
754 2516 882 2572 pirus
917 2517 1164 2573 siluestris,
1197 2532 1391 2574 prunus,
1424 2517 1565 2560 rubus
1593 2532 1628 2573 p
1659 2519 1672 2572 Η
1714 2521 1736 2560 7
1769 2516 1857 2559 lin·

176 2570 368 2625 guentia
397 2571 464 2613 ῙἽ
496 2576 509 2627 Η
544 2578 567 2615 9
602 2574 649 2617 in
681 2591 823 2618 unum
860 2578 900 2619 T
929 2580 941 2632 Η
968 2582 1021 2619 10
1057 2575 1297 2619 subsideat
1329 2577 1421 2619 SE
1442 2579 1454 2631 Η
1490 2581 1541 2619 12
1577 2579 1624 2619 et
1656 2578 1858 2631 aequata

181 2630 216 2690 (j
235 2630 326 2671 17}
341 2631 492 2686 TFp,
529 2635 574 2675 et
607 2638 867 2691 exaequata
894 2637 989 2679 SE
1010 2639 1023 2691 Η
1051 2642 1101 2678 17
1138 2635 1294 2691 aliquo
1326 2635 1445 2678 liber
1474 2634 1646 2678 auxilio
1672 2635 1864 2678 VGST

177 2688 349 2745 Γαίῃ,
386 2693 467 2732 aut
499 2693 709 2746 quolibet
742 2694 880 2738 exilio
906 2696 955 2738 E
981 2701 985 2748 Ι
1014 2709 1098 2738 nee
1131 2695 1206 2738 uel
1237 2694 1446 2738 sublimis
1473 2694 1547 2738 uel
1574 2707 1707 2751 asper
1731 2693 1822 2737 SE
1859 2698 1862 2701 '

179 2751 230 2788 19
267 2751 347 2790 aut
378 2748 566 2806 pinguis
603 2754 644 2795 V
685 2756 698 2808 Η
746 2758 797 2796 21
833 2754 1143 2798 necessariam
1180 2754 1312 2810 (θέας
1358 2756 1372 2809 Η
1420 2759 1473 2796 22
1513 2753 1608 2795 dixi
1649 2767 1729 2796 om.
1771 2753 1822 2795 E

176 2810 230 2847 23
265 2806 472 2873 laborem
512 2811 754 2855 minimum
791 2814 832 2856 T
863 2818 867 2869 Ι
903 2813 1052 2869 poscit
1088 2814 1271 2871 Eacys
1307 2815 1311 2869 l
1349 2814 1395 2856 et
1426 2812 1628 2857 fructum
1659 2813 1816 2869 iacys·
1841 2819 1855 2869 Η

176 2870 229 2906 ’25
263 2868 553 2911 teterrimum
587 2872 626 2913 1⁷
648 2875 660 2928 Η
687 2878 740 2915 27
774 2872 995 2929 pestifero
1030 2874 1078 2916 E

1887 958 1929 989 10

1887 1326 1928 1358 15

1884 1698 1926 1729 20

1883 2068 1925 2100 25
