2014 3169
195 124 298 175 146
891 124 1171 167 PALLADH

191 245 288 296 bit.
367 244 544 296 minor
582 245 769 309 trim0‚
816 245 988 297 maior
1033 245 1253 297 decenni
1292 265 1402 298 non
1441 246 1599 298 debet
1640 247 1868 298 admitti.

116 319 153 370 4
194 317 441 370 annicula
490 318 636 370 mula
682 318 841 369 debet
889 338 919 370 a
965 322 1137 370 matre
1185 319 1378 387 depelli
1426 324 1479 371 et
1524 339 1618 389 per
1657 323 1868 372 montes

193 410 412 460 asperos
461 392 632 459 pasci,
686 395 748 443 ut
795 391 1006 443 itineris
1053 393 1295 444 laborem
1342 394 1398 444 in
1451 397 1636 446 tenera
1691 397 1868 445 aetate

192 467 424 517 solidata
457 469 817 534 contempnat.
877 466 1053 518 minor
1084 484 1212 518 uero
1247 467 1446 518 asellus
1479 469 1708 519 maxime
1735 485 1866 537 agro

188 540 523 591 necessarius
573 543 676 607 est,
725 540 816 607 qui
863 544 916 591 et
962 539 1204 592 laborem
1251 541 1452 593 tolerat
1492 545 1545 593 et
1583 542 1867 611 neglegen-
1914 560 1935 592 5

189 614 324 664 tiam
364 614 751 681 propemodum
791 631 899 665 non
940 618 1166 666 recusat.

814 804 912 857 DE
953 804 1232 858 APIBVS.

101 907 204 961 XV
322 908 441 961 Hoc
489 926 669 960 mense
719 909 948 960 maxime
996 909 1186 977 apibus
1227 910 1367 962 solet
1408 910 1625 962 morbus
1665 910 1865 962 incum-

187 983 328 1035 bere.
405 1001 530 1034 nam
582 986 704 1052 post
750 983 977 1034 hiberna
1025 983 1222 1035 ieiunia
1277 984 1574 1052 tithymalli
1628 987 1682 1035 et
1733 983 1867 1035 ulmi

189 1057 386 1108 amaris
427 1057 667 1124 floribuS‚
708 1057 799 1125 qui
835 1058 984 1124 prius
1017 1061 1327 1125 nascuntur⁷
1368 1058 1575 1109 auidius
1610 1057 1864 1125 adpetitis
1891 1077 1934 1108 ιο

190 1130 517 1183 solutionem
556 1131 763 1182 uentris
803 1131 1086 1183 incurrunt
1126 1134 1179 1183 et
1214 1136 1454 1199 pereunt,
1492 1131 1598 1183 nisi
1632 1130 1865 1183 adfueris

186 1205 477 1257 uelocitate
518 1205 750 1257 remedii.
830 1205 1111 1273 praebebis
1153 1222 1280 1273 ergo
1321 1206 1450 1257 mali
1491 1205 1705 1274 granati
1746 1222 1867 1257 cum

187 1279 315 1330 uino
358 1279 568 1331 amineo
611 1297 778 1348 grana
817 1279 1052 1331 contrita
1084 1280 1170 1330 uel
1203 1298 1338 1331 uuae
1370 1298 1559 1348 passae
1594 1298 1713 1331 cum
1746 1296 1864 1330 rore

189 1354 408 1422 syriaco·
449 1357 502 1405 et
551 1357 765 1405 austero
812 1353 939 1405 uino
985 1353 1072 1405 uel
1112 1354 1271 1405 simul
1314 1354 1494 1406 omnia
1532 1353 1774 1423 lenigata
1813 1357 1867 1404 et

187 1427 402 1479 incocta
441 1426 567 1479 uino
609 1445 821 1495 aspero:
865 1445 998 1495 quae
1041 1428 1226 1479 deinde
1267 1428 1321 1479 in
1362 1427 1556 1496 ligneis
1590 1427 1863 1479 canalibus
1890 1445 1933 1478 15

187 1502 510 1570 refrigerata
541 1505 825 1569 ponantur.
881 1501 1007 1553 item
1045 1501 1374 1553 rosmarinus
1411 1520 1548 1569 aqua,
1581 1502 1756 1553 mulsa
1780 1501 1864 1552 de·

188 1580 371 1628 coctus
413 1576 730 1644 congelatur
770 1579 824 1627 et
863 1574 917 1626 in
959 1575 1181 1627 imbrice
1221 1576 1443 1643 ponitur
1484 1593 1641 1627 sucus
1684 1575 1866 1626 huius-

114 1649 146 1700 2
188 1650 347 1701 modi.
405 1651 546 1717 quod
581 1650 626 1701 si
658 1650 906 1702 horridae
940 1648 1190 1701 uidentur
1223 1653 1384 1717 atque
1418 1652 1725 1702 contractae
1758 1652 1866 1700 tor-

186 1742 311 1792 pere
353 1724 569 1775 silentio
611 1727 665 1775 et
698 1728 1035 1775 mortuarum
1068 1741 1293 1792 corpora,
1325 1723 1633 1791 frequenter
1665 1722 1864 1790 efferre,

188 1798 464 1850 canalibus
507 1816 571 1849 ex
612 1816 781 1850 canna
819 1797 979 1850 factis
1021 1797 1125 1849 mel
1163 1816 1283 1850 cum
1317 1798 1491 1867 gallae
1524 1797 1744 1865 puluere
1776 1797 1862 1848 uel
1889 1816 1933 1847 20

187 1873 358 1924 siccae
415 1890 568 1924 rosae
625 1876 836 1924 coctum
893 1872 1112 1923 debebis
1167 1871 1459 1923 infundere.
1551 1871 1686 1922 illud
1739 1874 1862 1922 ante

188 1946 368 1998 omnia
410 1946 667 2014 expediet,
708 1950 769 1997 ut
808 1949 992 2014 putres
1032 1949 1214 2014 partes
1254 1945 1505 1997 fauorum
1543 1945 1629 1997 uel
1665 1962 1863 1997 uacuas

188 2038 359 2087 ceraS‚
417 2038 548 2088 quas
605 2020 788 2088 aliquo
839 2038 965 2072 casu
1013 2039 1235 2072 examen
1283 2020 1349 2071 ad
1403 2020 1733 2087 paucitatem
1787 2035 1865 2070 re-

187 2094 403 2145 dactum
449 2112 560 2145 non
605 2095 812 2146 ualebit
850 2094 1076 2161 inplere>
1125 2112 1334 2161 semper
1377 2093 1580 2145 recidas
1620 2092 1864 2144 acutissi-

186 2168 288 2219 mis
331 2167 670 2219 ferramentis
715 2168 1000 2233 subtiliter,
1039 2187 1104 2220 ne
1138 2173 1287 2219 mota
1321 2167 1426 2219 alia
1457 2185 1582 2234 pars
1615 2165 1860 2218 fauorum
1889 2185 1931 2217 25

188 2245 350 2310 cogat
399 2260 524 2309 apes
575 2242 846 2294 domicilia
895 2260 1151 2294 concussa
1206 2241 1461 2293 deserere.
1539 2243 1696 2292 nocet
1752 2240 1856 2308 api-

111 2314 143 2365 3
184 2316 284 2367 bus
334 2316 646 2384 plerumque
694 2315 924 2368 felicitas
975 2335 1080 2367 sua.
1160 2335 1285 2367 nam
1333 2315 1376 2366 si
1416 2314 1597 2366 nimiis
1637 2313 1861 2366 fioribus

304 2511 323 2548 1
362 2505 765 2548 admitti—debet
806 2519 886 2548 om
921 2506 969 2547 E
1012 2508 1026 2560 ΙΙ
1073 2510 1099 2547 4
1131 2504 1282 2547 Minor
1320 2506 1477 2547 tamen
1510 2505 1559 2547 E
1607 2504 1612 2559 Ι
1662 2502 1861 2546 maxime

183 2579 291 2607 uero
326 2566 367 2606 V
406 2567 411 2620 Ι
455 2568 609 2607 aratro
636 2578 722 2620 pro
756 2578 867 2620 agro
904 2565 945 2607 G
983 2567 997 2620 l}
1042 2571 1066 2607 5
1101 2564 1181 2620 qui
1212 2578 1292 2607 om.
1326 2565 1344 2605 z·
1387 2566 1391 2619 Ι
1436 2565 1482 2606 613
1520 2562 1730 2606 laborem
1767 2576 1860 2605 non

182 2628 366 2667 recusat
399 2627 442 2666 et
475 2623 814 2680 negligentiam
846 2623 1016 2666 tolerat
1041 2639 1112 2679 ps
1134 2624 1138 2681 Ι
1174 2622 1465 2679 negligentia
1497 2623 1546 2665 E
1581 2624 1594 2678 ΙΙ
1636 2627 1690 2664 10
1723 2634 1861 2677 appe-

182 2687 333 2726 tentes
360 2683 588 2726 solutione
609 2698 644 2738 p
668 2685 681 2738 ΙΙ
708 2688 758 2725 11
786 2682 1021 2725 intereunt
1040 2698 1075 2738 p
1099 2686 1112 2737 Η
1141 2687 1191 2725 12
1218 2681 1432 2738 implebis
1453 2682 1495 2724 G
1518 2684 1531 2737 ΙΙ
1559 2686 1611 2723 13
1637 2679 1750 2724 trita
1774 2680 1824 2723 E
1851 2680 1856 2738 Ι

181 2756 312 2785 rosae
353 2743 396 2784 L
442 2746 455 2797 Η
506 2748 559 2785 14
609 2741 780 2785 austeri
821 2743 913 2784 ΡΙ
930 2742 1122 2797 QVS'I*
1156 2744 1169 2797 ΙΙ
1210 2746 1263 2784 15
1311 2740 1512 2783 uasculis
1554 2753 1640 2796 pro
1687 2725 1861 2783 canali-

181 2802 266 2844 bus
287 2816 322 2857 1)
346 2805 359 2857 Η
386 2806 438 2844 16
463 2801 783 2858 refrigeranda
800 2802 849 2843 E
871 2803 883 2856 ΙΙ
911 2806 962 2843 17
991 2801 1261 2857 congelatus
1280 2801 1328 2843 E
1350 2804 1363 2854 11
1392 2806 1443 2843 is
1470 2801 1759 2842 contractum
1782 2799 1855 2855 ΕΙ

181 2864 381 2926 torpore
398 2861 446 2903 E
475 2863 488 2916 ΙΙ
530 2867 581 2904 19
614 2863 898 2903 mortuorum
932 2861 980 2903 E
1005 2862 1009 2917 Ι
1039 2861 1204 2903 offerre
1241 2859 1281 2902 G
1317 2861 1330 2915 ΙΙ
1364 2864 1418 2901 24
1452 2871 1630 2915 semper
1661 2872 1742 2902 om.
1769 2857 1819 2900 E
1846 2857 1862 2915 Η

183 2924 235 2961 27
271 2919 407 2961 nlmis
445 2920 485 2963 G
