2014 3169
832 134 1173 179 PRAEFATIO
1742 135 1850 179 XIII

275 261 356 309 Ad
395 264 670 309 extremum
710 262 766 309 de
809 261 1166 324 orthographia
1204 261 1324 308 haee
1373 261 1519 323 addo,
1570 277 1647 308 me
1696 261 1848 323 scrip-

163 338 333 383 turam
372 336 596 384 codicum
635 335 1088 384 vetustissimorum
1121 335 1150 382 i.
1178 351 1215 382 e.
1243 334 1392 394 LPQ
1421 335 1705 382 universam
1737 351 1846 396 per-

164 410 307 472 sequi
361 410 445 457 sed
500 426 659 472 neque
713 410 891 457 horum
945 425 1104 470 neque
1159 411 1434 457 ceterorum
1490 409 1848 470 discrepantias

161 483 450 531 huiusmodi
516 484 742 531 omnibus
807 483 927 531 Iocis
997 483 1292 546 singulatim
1359 483 1592 544 proferre.
1683 499 1846 544 neque

159 558 333 620 habeo,
374 558 506 619 quod
545 558 658 605 illos
707 560 811 604 tam
862 558 1047 604 multos
1088 560 1138 604 et
1175 559 1280 603 tam
1318 557 1608 605 manifestos
1659 572 1847 604 errores

162 631 535 695 grammaticos,
589 632 676 693 qui
727 647 755 678 a
801 631 1028 679 Palladio
1083 631 1280 678 homine
1335 631 1456 679 satis
1512 630 1705 679 erudito
1762 631 1846 677 ab-

159 705 384 768 horrent,
431 707 490 752 ut
540 705 944 767 transiebant⁷
993 704 1302 767 oblinibis,
1352 705 1555 752 mittes
1604 707 1660 752 et
1706 705 1844 751 mis-
1906 765 1908 767 Ι

161 795 254 827 ces
294 779 515 842 aliaque,
557 779 854 841 depravatae
894 779 1262 842 monachorum,
1312 779 1399 840 qui
1437 778 1588 827 libros
1627 779 1846 826 Palladii

157 854 453 915 plerumque
501 854 563 900 ad
610 868 756 901 suum
801 853 1022 915 ipsorum
1075 868 1224 900 usum
1267 853 1589 915 seripserunt,
1642 868 1844 901 eonsue-

159 927 325 974 tudini
375 927 611 989 loquendi
663 927 951 975 tribuendos
1002 942 1105 975 esse
1151 927 1502 975 demonstrem:
1559 927 1646 989 qui
1693 943 1845 989 quam

158 1001 378 1049 maxima
423 1001 529 1049 fieri
575 1004 773 1063 poterat
819 1002 1081 1064 diligentia
1135 1017 1191 1049 ao
1244 1001 1582 1049 moderatione
1638 1001 1844 1050 correcti

161 1079 298 1139 sunt,
355 1076 439 1123 sed
484 1078 688 1137 propter
728 1091 808 1123 eos
855 1076 1016 1137 prima
1062 1078 1296 1137 rectaque
1342 1076 1489 1124 lectio
1529 1092 1628 1124 non
1667 1074 1843 1137 paucis

156 1150 280 1198 Iocis
318 1150 525 1211 reperiri
561 1150 648 1197 uix
686 1152 864 1211 potest.

272 1268 457 1331 Scripsi
494 1268 791 1332 Viroeburgi
829 1284 993 1316 mense
1035 1269 1181 1330 aprili
1221 1269 1337 1315 anni
1382 1270 1536 1317 1897.
