2072 3145
738 106 930 150 AGRIC.
955 106 1040 149 sm
1066 112 1238 150 13—14
1723 108 1828 159 145

153 247 315 295 annO,
362 245 494 296 quos
541 228 716 294 primo
758 228 1010 295 mutauit,
1060 231 1335 295 exaequat.
1415 228 1645 295 septimo
1687 247 1825 281 anno

152 320 334 354 omnes
391 302 575 353 dentes
632 301 745 353 eius
794 301 1089 369 explentur.
1166 302 1338 353 latent
1385 301 1580 354 abhinc
1629 303 1826 354 aetatis

150 379 331 427 notae:
389 375 481 426 sed
538 374 968 444 prouectioribus
1024 379 1270 443 tempora
1321 376 1500 427 cauari
1545 375 1827 444 incipiunt,

152 449 438 517 supercilia
471 467 762 515 canescere,
797 449 981 501 dentes
1014 449 1328 517 plerumque
1360 450 1676 517 prominere.
1723 451 1829 502 1100

106 541 332 576 5mense
393 523 572 574 omnia
621 522 1005 591 quadrupedia,
1060 522 1289 574 maxime
1346 541 1534 591 equos,
1590 528 1827 576 castrare

150 597 419 648 debemus,

591 715 688 766 DE
731 714 953 767 MVLIS
993 715 1085 767 ET
1125 713 1383 767 ASINIS.

261 817 317 870 Si
352 836 505 885 quem
530 818 799 870 mulorum
826 837 994 888 genus
1022 838 1199 871 creare
1226 819 1470 884 delectat,
1505 838 1696 888 equam
1752 819 1918 871 XIIII

151 892 334 961 magni
369 893 622 960 corporiS,
657 892 840 944 solidis
876 893 1087 944 ossibus
1122 897 1175 945 et
1207 892 1383 944 forma
1416 894 1636 962 egregia
1668 894 1827 945 debet

86 989 126 1020 10
152 966 369 1036 eligere:
417 965 473 1017 in
523 985 627 1034 qua
665 985 773 1018 non
812 966 1181 1034 uelocitatem,
1230 967 1322 1018 sed
1362 967 1526 1019 robur
1567 966 1825 1035 exquirat.

152 1045 299 1092 aetas
342 1059 371 1091 a
412 1041 690 1108 quadi-ima
730 1059 897 1108 usque
931 1041 986 1092 in
1020 1041 1304 1092 decennem
1338 1041 1463 1092 huic
1497 1040 1827 1093 admissurae

149 1114 292 1165 iusta
340 1115 633 1166 conueniet.
715 1115 759 1165 si
818 1115 998 1166 asinus
1047 1133 1239 1182 equam
1285 1114 1497 1166 fastidit
1546 1116 1827 1182 admissus,

151 1193 422 1239 ostensam
461 1187 610 1256 prius
651 1189 878 1249 asinam,
920 1190 1085 1240 donec
1127 1189 1351 1240 coeundi
1390 1189 1641 1257 uoluptas
1683 1190 1827 1241 solli-

151 1263 368 1329 citetur,
426 1261 760 1313 adhibemus:
819 1280 924 1329 qua
978 1263 1241 1314 subducta
1293 1280 1484 1331 equam
1536 1262 1703 1315 libido
1751 1264 1831 1314 in-

85 1358 125 1390 15
152 1336 318 1387 citata
353 1354 462 1387 non
502 1339 718 1403 spernet
758 1339 812 1387 et
852 1339 1038 1403 raptus
1079 1336 1364 1388 inlecebris
1398 1337 1607 1405 generis
1649 1337 1732 1388 sui
1772 1338 1830 1389 in

149 1408 562 1478 permixtionem
597 1410 895 1462 consentiet
928 1410 1102 1461 alieni.
1158 1409 1204 1461 si
1238 1427 1423 1461 morsu
1454 1410 1635 1462 furens
1661 1410 1827 1462 laedit

152 1483 412 1552 obiectaS,
466 1483 827 1551 aliquatenus,
883 1484 1065 1535 labore
1123 1485 1385 1536 mitescat.
1471 1488 1721 1536 creantur
1776 1492 1829 1536 et

152 1576 215 1609 ex
254 1575 391 1625 equo
433 1560 487 1608 et
529 1557 678 1608 asina
717 1557 804 1608 uel
846 1575 1049 1626 onagro
1090 1561 1143 1609 et
1176 1576 1324 1625 equa.
1390 1559 1481 1610 sed
1515 1559 1827 1626 generosius

149 1630 358 1682 nullum
392 1634 473 1682 est
497 1630 806 1683 huiusmodi
832 1631 1044 1694 animal,
1079 1650 1240 1699 quam
1268 1633 1410 1700 quod
1436 1632 1586 1684 asino
1614 1636 1828 1685 creante

86 1730 127 1760 20
150 1709 412 1756 nascetur.
468 1704 628 1756 utiles
661 1709 844 1756 tamen
877 1706 1183 1757 admissarii
1215 1710 1505 1758 nascentur
1534 1725 1598 1757 ex
1624 1724 1827 1775 onagro

152 1782 206 1829 et
246 1777 416 1830 asina:
466 1779 557 1846 qui
603 1782 729 1846 post
767 1779 825 1830 in
865 1780 1050 1831 subole
1093 1782 1341 1831 secutura
1382 1780 1684 1847 agilitatem
1723 1780 1829 1832 for-

152 1852 546 1920 titudinemque
581 1852 884 1904 restituant.
950 1852 1296 1905 admissarius
1329 1857 1509 1905 tamen
1543 1854 1723 1905 asinus
1758 1854 1829 1906 sit

151 1926 477 1992 huiusmodi,
524 1945 745 1993 corpore
788 1926 982 1996 amplo,
1032 1926 1221 1996 solidO,
1260 1928 1581 1994 muchIOSO,
1623 1928 1828 1979 strictis

153 2005 207 2051 et
247 2000 480 2052 fortibus
522 2000 795 2069 membris,
832 2001 976 2068 nigri
1015 2001 1102 2052 uel
1135 2000 1334 2052 murini
1366 2002 1596 2053 maxime
1632 2002 1828 2053 coloris

86 2099 127 2131 25
154 2077 247 2125 aut
285 2075 459 2125 rubei:
501 2074 592 2142 qui
632 2077 826 2141 tamen,
869 2075 914 2126 81
954 2074 1244 2127 discolores
1285 2075 1424 2143 pilos
1465 2076 1521 2127 in
1558 2076 1829 2143 palpebris

154 2151 247 2199 aut
295 2147 512 2199 auribus
562 2152 733 2217 geret,
784 2148 1018 2200 colorem
1059 2149 1263 2201 subolis
1303 2149 1616 2217 plerumque
1657 2151 1830 2201 uaria-

274 2313 295 2350 1
330 2307 535 2350 mutabit
566 2308 880 2364 PLQGVF
921 2310 934 2363 ΙΙ
983 2313 1006 2350 2
1048 2309 1208 2352 dentes
1242 2323 1322 2353 om.
1346 2324 1380 2382 Ρ
1426 2311 1439 2364 ΙΙ
1487 2314 1512 2351 3
1544 2312 1709 2352 noctae
1742 2310 1785 2352 L
1821 2310 1824 2314 ’

154 2365 340 2408 curuari
370 2367 420 2409 E
463 2369 476 2422 ΙΙ
523 2372 550 2408 4
583 2380 746 2409 canere
780 2368 829 2409 E
862 2369 866 2424 Ι
905 2367 1181 2423 promiscere
1215 2369 1264 2411 E
1301 2371 1314 2424 ΙΙ
1355 2374 1378 2411 5
1414 2381 1552 2422 eques
1589 2369 1630 2411 G
1669 2371 1682 2424 ΙΙ
1722 2373 1746 2410 8
1783 2354 1829 2410 Si

154 2424 343 2490 quidem
367 2426 466 2469 LG
493 2427 498 2481 Ι
529 2439 725 2481 aequam
749 2427 791 2469 V
810 2429 823 2479 ΙΙ
851 2432 903 2468 10
936 2427 1073 2469 robor
1096 2428 1190 2470 PL
1216 2430 1228 2484 ΙΙ
1256 2433 1306 2470 11
1343 2441 1370 2470 a
1402 2441 1482 2470 om
1511 2427 1621 2483 Fys
1650 2429 1654 2482 Ι
1683 2441 1829 2482 usque

156 2483 217 2525 ad
248 2482 297 2525 in
328 2484 392 2539 L,
426 2499 571 2550 usque
605 2486 664 2527 ad
697 2486 768 2540 V!
796 2485 973 2528 111110-
992 2486 1237 2529 conueniet
1269 2500 1350 2530 om.
1371 2501 1406 2541 Ρ
1435 2488 1438 2541 Ι
1470 2486 1727 2528 admissura
1760 2488 1830 2529 est

153 2541 285 2585 iuxta
303 2543 352 2585 E
373 2546 386 2599 ΙΙ
412 2548 465 2585 12
497 2543 643 2586 visam
668 2558 834 2599 equam
851 2559 916 2599 Ρ8
940 2547 953 2600 ΙΙ
979 2550 1031 2587 13
1066 2545 1261 2588 coeundi
1287 2560 1367 2589 om.
1389 2560 1423 2600 Ρ
1451 2546 1456 2602 Ι
1484 2545 1726 2600 uoluptate
1745 2546 1794 2587 E
1816 2545 1830 2602 ΙΙ

156 2606 211 2644 14
242 2604 405 2658 postea
437 2603 754 2658 subducimus;
787 2606 833 2646 et
855 2606 966 2646 tunc
984 2619 1070 2660 Ρνο
1096 2605 1388 2647 adhibemus:
1423 2618 1516 2658 qua
1541 2604 1771 2646 subducta
1795 2618 1828 2659 8,

153 2659 280 2716 prius
314 2674 369 2704 ea
401 2661 719 2705 subducimus:
764 2665 808 2705 et
833 2665 943 2705 tunc
960 2664 1031 2718 ΡΞ
1060 2668 1111 2706 17
1147 2663 1326 2706 obiecto
1355 2664 1397 2706 G
1425 2664 1429 2719 Ι
1460 2665 1505 2705 et
1538 2677 1617 2706 om.
1646 2677 1793 2706 omnes
1816 2663 1830 2731 Ι

158 2724 211 2762 18
245 2733 300 2762 ex
332 2733 449 2775 equo
483 2723 529 2763 et
566 2721 694 2764 asino
727 2723 758 2774 i,
798 2735 974 2777 exequa
1006 2722 1185 2765 etasino
1221 2723 1397 2778 Gcccys
1425 2723 1430 2778 Ι
1460 2736 1579 2777 equa
1612 2722 1728 2764 muli
1750 2737 1786 2777 Ρ
1816 2723 1830 2780 ΙΙ

157 2782 209 2820 21
237 2792 325 2833 que
352 2782 422 2822 est
439 2794 525 2834 pro
551 2779 630 2835 qui
653 2783 758 2836 post
782 2781 824 2822 L
853 2782 857 2836 Ι
887 2781 1092 2824 sobolem
1120 2784 1302 2824 secutui
1307 2795 1380 2823 am
1412 2782 1462 2823 E
1486 2783 1490 2837 Ι
1520 2783 1566 2824 et
1595 2780 1830 2824 fortitudi-

154 2850 261 2879 nem
288 2838 329 2881 G
353 2840 366 2893 ΙΙ
393 2843 445 2881 22
481 2838 541 2881 sit
573 2839 727 2882 asinus
760 2838 909 2883 huius
945 2854 1132 2896 corpore
1162 2841 1245 2883 E
1244 2855 1245 2862 ¹
1271 2846 1325 2883 2-1
1342 2839 1512 2882 muniri
1530 2840 1603 2898 Q
1589 2840 1602 2874 {⁵
1629 2845 1681 2883 25
1701 2840 1831 2883 robei

157 2896 284 2940 PL:
281 2898 296 2954 j}
330 2902 383 2939 26
419 2899 500 2940 aut
529 2897 719 2941 naribus
752 2901 941 2955 generet
973 2900 1063 2943 SE
1089 2903 1094 2955 Ι
1124 2890 1294 2943 sobolis
1328 2900 1378 2942 E

243 2979 478 3012 PALLADIVS
503 2981 559 3012 ed.
576 2980 792 3012 Schmitt.
1512 2978 1564 3016 10

1867 1412 1901 1463 N>
