2014 3169
208 118 280 169 94
910 115 1192 158 PALLADE

210 238 377 290 etiam
419 238 625 289 semina
663 255 916 306 spargere
948 254 1252 304 possumUS‚
1293 239 1354 286 ut
1386 235 1556 287 mixta
1585 238 1894 301 nascantur,

211 312 337 381 quia
385 316 439 363 et
487 312 741 380 asparagi
790 311 1041 362 coluntur
1089 313 1143 360 et
1190 310 1548 361 incenduntur
1589 308 1693 361 hoc
1731 327 1895 376 more,

211 405 315 454 quo
366 404 581 437 cannae.
662 385 751 436 sed
803 385 850 436 si
894 387 1020 436 sunt
1061 383 1284 451 antiqua
1325 387 1571 451 canneta,
1616 383 1720 435 hoc
1757 386 1895 434 tem-

207 478 337 528 pore
379 458 647 511 sarientur
688 459 896 525 1661616,
946 476 1081 526 quae
1121 458 1178 508 in
1217 457 1395 509 radice
1434 456 1716 527 purganda
1756 459 1896 524 sunt,

208 535 261 585 id
309 537 413 601 est⁷
463 533 714 601 putribus
770 533 910 584 male
967 531 1229 599 porrectis
1288 534 1342 582 et
1390 531 1435 582 si
1483 549 1588 599 qua
1638 530 1895 600 gignendi
1918 525 1962 582 Γ5

212 608 397 660 oculos
430 626 539 659 non
571 607 865 659 habebunt.
929 625 1071 658 nunc
1106 605 1285 657 salicis
1318 605 1533 673 plantas
1568 607 1621 656 et
1653 604 1894 656 omnium

211 700 484 751 generum,
526 699 660 749 quae
695 681 916 732 arbusto
952 679 1299 748 adplicandae
1333 683 1474 747 sunt,
1505 678 1592 731 uel
1626 682 1894 748 genestae,

208 756 304 807 ubi
345 756 529 822 deerit,
571 756 876 807 obruemus„
955 773 1019 806 ex
1058 754 1206 805 bacis
1250 753 1415 805 etiam
1455 753 1622 821 myrti
1661 755 1716 804 et
1752 752 1894 804 lauri

209 830 498 882 seminaria
537 829 796 881 faciemus
838 829 950 896 1161,
992 830 1037 880 61
1077 828 1314 895 fuerant,
1356 827 1675 879 excolamus.

134 388 167 440 N>

844 1020 942 1072 DE
984 1018 1263 1072 HORTIS.
1920 1040 1963 1071 ιο

121 1126 341 1186 XXIIII
456 1125 611 1180 Circa
657 1126 776 1177 idus
817 1123 1116 1176 februarias
1158 1142 1310 1192 sepes
1349 1124 1634 1175 hortorum
1674 1140 1738 1174 ex
1777 1139 1897 1174 con-

209 1205 362 1271 gesto
416 1200 474 1252 in
527 1200 747 1252 funibus
812 1199 1090 1268 spinarum
1146 1198 1348 1250 semine
1403 1196 1698 1264 faciendae,
1754 1194 1895 1248 sicut

208 1276 413 1327 dictum
456 1279 559 1341 est7
608 1293 729 1327 cum
770 1274 832 1324 de
874 1272 1167 1324 munimine
1207 1273 1553 1340 loqueremur
1590 1270 1892 1322 hortorum.

206 1350 337 1401 item
381 1348 572 1401 Graeci
620 1348 804 1400 dicunt
852 1348 914 1399 de
957 1365 1147 1415 grossa
1187 1346 1310 1398 rubi
1348 1346 1503 1415 virga
1541 1344 1657 1397 fieri
1696 1344 1890 1396 debere

206 1424 501 1491 particulas
550 1427 603 1474 et
650 1420 983 1491 palmaribus
1033 1421 1315 1473 scrobibus
1366 1419 1523 1472 obrui
1575 1422 1629 1471 et
1678 1417 1892 1486 cotidie,
1918 1439 1962 1473 15

131 1500 165 1551 2
208 1499 376 1550 donec
431 1498 701 1564 frondeat,
755 1496 993 1548 fossione
1049 1499 1102 1546 et
1156 1494 1425 1563 rigatione
1479 1493 1694 1545 nutriri.
1787 1491 1893 1544 hoc

207 1590 390 1624 mense
439 1571 651 1624 lactuca
699 1570 917 1637 seritur,
964 1572 1026 1620 ut
1071 1569 1249 1637 possit
1296 1568 1455 1637 aprili
1500 1585 1681 1619 mense
1723 1569 1895 1618 trans-

206 1646 348 1698 ferri.
427 1646 560 1698 item
608 1645 835 1697 carduus
886 1643 1085 1695 seritur
1132 1647 1185 1694 et
1223 1642 1556 1695 nasturtium
1595 1646 1651 1693 et
1691 1641 1894 1693 corian-

208 1721 362 1772 drum
412 1724 466 1772 et
512 1738 771 1788 papauer,
828 1718 970 1770 sicut
1018 1736 1201 1769 mense
1247 1715 1555 1783 nouembri‚
1603 1718 1656 1767 et
1705 1714 1893 1767 allium

205 1794 293 1846 uel
333 1793 587 1863 ulpicum.
664 1811 807 1845 nunc
847 1792 1084 1844 satureia
1125 1791 1321 1843 seritur
1359 1789 1551 1859 pingui
1591 1807 1744 1859 agm,
1783 1805 1893 1840 non
1919 1812 1963 1844 20

208 1872 531 1936 stercoratO,
587 1868 679 1920 sed
729 1867 910 1935 aprico
959 1865 1045 1918 uel
1091 1865 1283 1918 melius
1332 1866 1469 1917 mari
1515 1862 1784 1933 proximo:
1839 1865 1893 1914 et

132 1944 164 1996 3
207 1961 328 1995 cum
377 1942 599 2011 cepullis
645 1941 815 1993 mixta
855 1942 1167 1993 seminatur.
1244 1940 1347 1992 hoc
1389 1940 1553 1991 etiam
1592 1956 1773 1990 mense
1814 1954 1893 1989 ce-

205 2016 382 2085 pullas
440 2017 597 2068 seris:
654 2016 746 2068 sed
802 2018 1016 2068 constat
1071 2018 1124 2066 et
1178 2032 1303 2066 uere
1359 2017 1413 2065 et
1465 2015 1723 2065 autumno
1777 2029 1894 2063 esse

329 2212 349 2249 1
385 2208 642 2249 nascuntur
677 2206 718 2249 G
743 2208 755 2260 ΙΙ
782 2211 805 2248 ’2
842 2204 1090 2262 asparagia
1126 2205 1167 2248 G
1195 2205 1200 2261 Ι
1231 2218 1283 2247 eo
1317 2218 1411 2260 acy
1440 2205 1444 2259 Ι
1472 2216 1629 2245 11161166
1654 2202 1703 2245 Ε
1724 2203 1738 2257 ΙΙ
1761 2207 1788 2244 4
1819 2214 1890 2244 re-

209 2266 417 2321 cidisque
442 2267 485 2310 L
510 2268 523 2322 ΙΙ
550 2272 573 2308 5
606 2264 808 2322 putridis
833 2266 873 2308 T
892 2268 905 2321 ΙΙ
931 2270 955 2307 6
986 2264 1165 2307 habent
1189 2264 1306 2307 SEs
1335 2266 1338 2319 Ι
1369 2261 1534 2305 salices
1552 2262 1602 2304 E
1627 2263 1632 2317 Ι
1662 2259 1889 2304 omnium-

207 2340 296 2381 que
329 2327 378 2369 E
422 2328 435 2381 ΙΙ
484 2330 506 2367 7
548 2338 771 2382 generum
812 2324 1016 2367 arbusta.
1074 2322 1383 2380 applicandae
1422 2322 1471 2364 E
1520 2324 1524 2375 Ι
1576 2319 1788 2377 genistae
1832 2320 1892 2375 G,

207 2388 426 2441 genestas
459 2384 558 2440 (ubi
591 2385 802 2439 deerunt)
836 2398 933 2440 669
957 2386 970 2439 ΙΙ
1003 2388 1027 2426 8
1062 2383 1309 2426 obruemur
1341 2382 1383 2424 L
1408 2383 1421 2437 ΙΙ
1454 2387 1478 2424 9
1514 2379 1691 2424 semina
1723 2379 1759 2423 S
1771 2379 1845 2422 1Ε
1873 2380 1890 2438 ΙΙ

209 2451 259 2487 11
301 2443 559 2488 febroarias
604 2444 709 2500 QF,
757 2442 983 2486 februarii
1016 2443 1065 2485 E
1115 2445 1129 2497 ΙΙ
1185 2447 1237 2485 12
1284 2440 1529 2483 faciendae
1577 2442 1685 2482 sunt
1726 2439 1889 2494 Bias,
1952 2484 1958 2488 ,

208 2506 315 2547 sunt
346 2505 451 2547 incl.
478 2518 536 2560 69
564 2505 568 2561 Ι
599 2506 718 2547 sunt.
760 2504 812 2545 ut
837 2516 924 2558 pro
957 2501 1078 2544 sicut
1114 2503 1155 2544 T
1173 2504 1186 2556 ΙΙ
1214 2505 1267 2543 13
1300 2499 1475 2542 1111111116
1507 2500 1584 2542 Ει
1608 2501 1622 2555 ΙΙ
1648 2505 1702 2542 14
1734 2511 1892 2541 crassa

207 2578 332 2620 acys
356 2567 370 2618 ΙΙ
397 2568 449 2606 16
481 2563 732 2606 frondeant
755 2564 876 2618 iays
904 2562 909 2618 Ι
937 2561 1016 2603 DE
1042 2559 1317 2603 LACTVCA
1341 2561 1425 2603 ins.
1454 2559 1502 2601 E
1523 2561 1537 2615 ΙΙ
1563 2563 1616 2602 17
1649 2556 1889 2601 ut--seri-

206 2625 283 2665 tur
315 2637 397 2666 om.
418 2638 453 2678 p
491 2625 505 2677 ΙΙ
546 2626 599 2665 18
633 2621 711 2664 DE
747 2620 989 2664 CARDVO
1022 2622 1107 2664 ins.
1134 2621 1184 2663 E
1224 2621 1229 2677 Ι
1263 2618 1543 2662 nastartium
1576 2619 1624 2661 et
1655 2617 1781 2660 alum
1811 2615 1888 2659 uel

207 2681 414 2738 ulpicum
454 2684 500 2725 et
541 2681 837 2725 coriandrum
876 2682 923 2723 et
960 2694 1168 2736 papauer
1209 2678 1330 2722 sicut
1367 2691 1524 2721 mense
1563 2674 1805 2720 nouembri
1840 2675 1887 2731 S,

206 2740 505 2784 nasturcium.
548 2743 595 2784 et
627 2740 802 2784 allium.
844 2742 891 2783 et
921 2738 1140 2795 ulpicum.
1176 2741 1222 2782 et
1254 2737 1561 2781 coriandrum.
1596 2738 1643 2780 et
1665 2748 1885 2792 papauer.

208 2800 326 2843 sicut
357 2814 514 2844 mense
545 2799 801 2843 nouembri.
835 2798 958 2841 Nam
990 2799 1039 2841 E
1064 2804 1070 2853 Ι
1099 2797 1389 2841 coliandrum
1422 2795 1681 2852 PLQVF
1699 2796 1714 2851 ΙΙ
1752 2798 1808 2837 20
1841 2795 1889 2837 et

207 2859 414 2915 ulpicum
454 2860 657 2916 Eacys,
706 2874 787 2902 om.
817 2873 852 2914 p
904 2860 918 2914 ΙΙ
973 2863 1027 2900 22
1070 2872 1173 2901 cum
1213 2857 1315 2900 incl.
1350 2872 1378 2913 y
1428 2858 1433 2912 Ι
1482 2854 1561 2898 DE
1603 2852 1886 2897 CEPVLLIS

207 2920 292 2962 ins.
320 2920 399 2975 ΕΙ
430 2919 613 2975 cepulla
649 2919 690 2962 G
714 2921 728 2974 ΙΙ
753 2923 808 2961 23
842 2917 1010 2961 seritur
1046 2917 1100 2974 G,
1135 2930 1256 2961 seres
1289 2930 1377 2973 cys
1405 2917 1410 2972 Ι
1440 2927 1539 2958 6666
1571 2927 1652 2958 om.
1673 2927 1709 2969 p
