2014 3169
146 75 256 128 266
851 71 1136 116 PALLADE

221 194 562 266 imponitque
601 194 748 246 leues
789 193 842 245 in
887 192 1075 261 stipibe
1114 192 1373 262 phyllidis
1413 193 1637 246 umbras

297 273 351 323 el:
391 269 491 323 tali
531 268 691 322 discit
729 267 926 320 forhior
966 285 1081 320 esse
1122 267 1309 336 gradu.

617 461 714 513 DE
756 459 959 513 MALO
1002 458 1372 514 CYDONEO.

223 565 360 620 Cum
399 568 640 634 praestet
681 565 888 618 eunetis
931 583 986 617 se
1027 564 1178 616 fulua
1218 564 1457 633 cydonea,
1493 564 1690 634 pomj8‚

24 638 130 692 lOO
297 639 522 692 asterius
562 639 712 692 nullo
754 639 991 691 ereditur
1029 639 1287 707 hospitio.
1883 665 1907 700 5

222 713 434 767 roboris
477 714 685 766 externi
723 712 926 766 librum
966 716 1254 781 aspernata
1294 712 1556 782 superbil:‚

297 789 402 842 scit
441 791 657 841 tantum
696 788 846 840 nullo
890 805 1126 840 creseere
1166 805 1326 856 posse
1367 787 1544 840 decus

223 863 317 915 sed
355 863 592 932 propriis
631 862 872 931 pandens
915 865 1148 932 cognata
1189 861 1390 914 cubilia
1428 861 1597 914 ramis

297 940 409 990 stab
450 940 707 990 contenta
747 955 904 989 suum
941 936 1233 988 nobilitare
1274 936 1495 988 bonum.

751 1115 851 1167 DE
892 1113 1228 1167 MESPILO.
1865 1141 1911 1173 ιο

24 1218 128 1272 105
219 1218 452 1272 Aemula
491 1219 625 1271 dura
663 1218 770 1287 piri
809 1219 1049 1288 despecti
1088 1219 1232 1271 mala
1273 1219 1482 1288 saporis

294 1294 553 1362 mespilus
596 1294 830 1346 admisso
872 1294 1113 1363 germine
1153 1297 1275 1346 ’nuta
1315 1294 1464 1346 subii:

222 1372 276 1422 eb
317 1368 547 1437 geminis
591 1386 707 1420 sese
747 1367 1041 1420 uiolenbior
1080 1368 1271 1420 inserit
1311 1368 1475 1420 armis

295 1446 455 1512 alzque
504 1442 690 1494 auidas
738 1445 944 1494 terrent
990 1443 1189 1495 robora
1237 1461 1399 1494 saeua
1447 1461 1656 1496 manus.

809 1619 906 1672 DE
950 1619 1185 1673 CITRO.
1867 1660 1910 1692 15

222 1723 336 1777 Nee
375 1743 484 1776 non
524 1728 578 1777 et
619 1724 775 1777 citrei
814 1724 1096 1793 pabiunbur
1135 1728 1324 1776 mutua
1364 1724 1502 1777 rami

23 1800 129 1853 110
294 1799 540 1868 pignora,
589 1817 723 1866 quae
773 1799 997 1869 grauido
1047 1800 1246 1851 cortice
1295 1816 1480 1851 morus
1529 1799 1645 1869 alit,

221 1891 489 1942 pomaque
528 1874 741 1943 pasturi
780 1874 978 1926 blando
1019 1873 1320 1925 redolentia
1360 1892 1488 1927 suco

298 1948 521 2000 armatis
564 1951 779 2000 mutant
821 1947 1027 2016 spienla
1067 1951 1196 2000 noba
1235 1947 1384 2016 piris.

796 2127 892 2179 DE
933 2125 1199 2179 PRVNO.
1865 2163 1910 2195 20

221 2231 403 2284 Pruna
443 2231 555 2283 suis
597 2230 800 2283 addunt
839 2231 1020 2283 felicia
1062 2231 1306 2300 germina
1345 2230 1604 2283 membris

298 2306 543 2374 donaque
586 2309 819 2375 cognato
862 2323 1083 2373 corpore
1125 2305 1268 2357 laeta
1306 2304 1502 2356 ferunt.

271 2472 292 2509 1
341 2465 554 2523 phillidis
586 2466 745 2510 ABD
800 2467 814 2521 ΙΙ
870 2471 894 2507 3
942 2465 1021 2507 DE
1057 2464 1319 2508 CIDONEO
1353 2465 1419 2520 A,
1467 2464 1536 2508 De
1575 2464 1678 2521 Petj
1711 2463 1840 2509 Malo

149 2528 357 2584 cydoneo
402 2527 472 2582 Β,
523 2525 590 2569 De
638 2525 841 2581 Cydomo
890 2525 1012 2567 malo
1058 2526 1128 2580 D,
1176 2525 1244 2568 De
1291 2523 1443 2567 Fulua
1491 2523 1688 2568 eidonea
1730 2524 1790 2567 H

149 2593 177 2630 4
210 2587 420 2644 prestent
450 2585 566 2629 AH
619 2588 623 2639 Ι
683 2584 878 2628 cidonea
902 2585 959 2638 A,
995 2562 1204 2640 cydonea
1229 2584 1273 2626 Β
1326 2585 1340 2639 ΙΙ
1397 2589 1421 2626 6
1456 2585 1676 2640 spernata
1692 2583 1810 2627 ΒΗ
1824 2524 1832 2642 Ι

153 2651 206 2690 10
239 2646 307 2689 De
338 2645 436 2688 Mes
419 2644 554 2701 pilio
587 2645 636 2688 D
676 2646 689 2700 ΙΙ
739 2649 789 2686 11
827 2620 1012 2686 Semina
1037 2657 1125 2699 pro
1151 2642 1348 2686 Aemula
1372 2643 1537 2686 ΑΒΗ
1576 2644 1581 2698 Ι
1622 2642 1813 2699 dumpr

150 2707 267 2749 dura
300 2706 348 2749 D
403 2708 417 2760 Η
473 2709 526 2746 12
562 2704 763 2747 amnisso
795 2704 906 2747 ΑΗ
949 2705 962 2759 ΙΙ
1021 2709 1072 2746 14
1103 2705 1248 2746 terret
1278 2703 1389 2745 AH
1415 2705 1429 2757 ΙΙ
1471 2707 1524 2746 15
1557 2701 1636 2745 DE
1669 2656 1839 2746 MALO

151 2764 348 2809 CITRIO
379 2765 454 2807 Ca
479 2764 547 2807 De
573 2762 739 2806 MALO
768 2762 942 2806 Citrino
962 2763 1022 2816 D,
1057 2762 1123 2805 De
1156 2761 1280 2805 Malo
1315 2761 1481 2805 citiino
1515 2762 1582 2816 B,
1613 2761 1683 2804 De
1713 2760 1841 2805 malo

149 2824 317 2867 citrino
351 2839 373 2867 c
427 2826 440 2879 ΙΙ
497 2828 550 2865 16
578 2822 698 2878 cit1ij
726 2838 755 2865 α
793 2824 806 2877 ΙΙ
850 2827 900 2864 17
928 2821 1194 2878 PigneraD
1225 2822 1241 2879 Η
1282 2825 1335 2863 18
1368 2820 1567 2876 palustri
1598 2820 1644 2864 A
1680 2821 1687 2876 Ι
1735 2819 1844 2864 red-

150 2883 313 2927 dentia
344 2884 387 2926 A
424 2885 438 2939 Η
487 2888 541 2926 20
573 2882 652 2925 DE
687 2881 907 2925 PRVNIS
943 2882 989 2936 C,
1023 2880 1091 2924 De
1123 2879 1289 2923 Prunis
1322 2881 1366 2923 B
1392 2882 1485 2936 {122
1518 2879 1617 2923 leta,
1637 2878 1685 2923 Α.
