2072 3145
739 114 934 161 AGRIC.
958 115 1024 158 ΠΙ
1047 119 1219 158 17-18
1748 114 1817 166 89

141 238 476 291 decimanum
508 236 723 288 tabulas
757 235 991 306 cingant,
1022 235 1109 286 uel
1144 254 1300 286 suum
1330 234 1510 287 locum
1542 237 1818 289 tenebunt.

141 313 188 364 si
225 316 502 380 ponuntur
540 311 597 362 in
631 310 862 377 pastino,
901 309 1170 361 radicatae
1202 310 1418 376 plantae
1452 310 1643 362 decisis
1677 312 1819 379 capi-

139 386 287 438 tibus
337 389 390 437 et
435 383 671 437 brachiis
718 387 773 435 et
819 384 876 435 in
921 387 1174 435 truncum
1227 384 1474 435 redactae
1527 402 1697 452 usque
1754 385 1820 436 ad

141 478 449 511 mensuram
497 459 663 510 cubiti
710 458 868 509 unius
919 462 972 508 et
1018 457 1186 525 palmi
1232 457 1290 509 in
1337 457 1601 509 fermento
1642 462 1818 510 terrae

97 554 117 586 5
141 533 318 585 fossae
353 533 654 600 defigantur
686 532 865 583 locum
895 532 1020 599 palo
1055 535 1213 582 antea
1246 531 1598 598 deprimente:
1630 532 1818 584 hordei

142 625 312 677 grana
337 605 790 658 subteriaciantur
816 612 870 656 et
895 608 1204 673 amputetur
1221 605 1321 671 his,
1348 606 1600 673 quicquid
1616 607 1820 674 putridi

140 682 422 733 inuentum
453 680 617 732 fuerit
650 683 742 731 aut
773 679 996 732 arentis:
1032 682 1085 730 et
1118 682 1248 730 tunc
1282 680 1458 746 capita
1487 698 1670 731 earum
1702 682 1818 732 luto

140 755 388 807 uelentur
437 758 490 805 et
530 771 713 805 musco
754 754 946 805 ulmeis
987 752 1218 804 uinculis
1259 753 1346 804 uel
1386 754 1664 806 tenacibus
1706 755 1819 823 qui-

140 830 472 896 buscumque
520 826 828 880 constricta.
905 827 997 879 sed
1043 827 1338 878 maximum
1378 828 1694 880 beneficium
1736 832 1818 880 est

74 923 116 954 10
142 906 196 955 et
250 903 467 971 proficit
520 902 879 967 incremento,
943 901 989 952 si
1043 901 1258 952 rubrica
1310 905 1494 968 partes
1548 906 1821 970 notentur,

143 977 337 1045 quibus
373 977 630 1028 obuersae
667 978 947 1043 steterant7
985 978 1039 1026 et
1073 978 1258 1027 contra
1291 993 1379 1027 eas
1413 975 1578 1027 simili
1611 976 1820 1029 ratione

139 1055 424 1119 ponantur.
503 1050 612 1101 sint
659 1068 689 1100 a
729 1068 783 1100 se
825 1048 1084 1101 discretae
1124 1049 1349 1116 pedibus
1392 1050 1694 1117 quindecim
1735 1051 1821 1102 uel

140 1124 354 1194 uiginti.
426 1124 599 1176 omnis
648 1123 872 1175 subinde
921 1123 1063 1175 circa
1111 1141 1200 1174 eas
1251 1123 1421 1175 herba
1461 1124 1715 1176 uellatur:
1767 1129 1821 1176 et

143 1199 393 1266 quotiens
442 1216 496 1249 se
545 1198 718 1249 imber
764 1196 1044 1263 infuderit⁷
1092 1196 1428 1248 breuissimis
1478 1216 1537 1250 ac
1577 1198 1822 1265 frequen-

75 1291 117 1324 15
142 1272 369 1324 tissimis
409 1270 739 1323 fossionibus
781 1271 1152 1322 sollicitentur.
1233 1274 1287 1322 et
1328 1270 1552 1323 subinde
1593 1273 1752 1324 ducta
1793 1292 1823 1324 a

139 1349 332 1398 trunco
372 1349 519 1398 terra
558 1349 718 1414 atque
758 1345 1026 1412 permixta
1065 1344 1122 1394 in
1162 1343 1439 1412 aliquanto
1481 1346 1701 1398 altiores
1740 1365 1824 1399 cu-

141 1421 316 1472 mulos
359 1423 694 1488 congeratur.
774 1419 915 1486 quod
957 1418 1002 1469 si
1043 1418 1306 1470 oliuetum
1346 1436 1442 1470 suo
1482 1419 1601 1471 loco
1642 1420 1819 1473 facere

140 1495 401 1561 uolueris,
439 1493 571 1545 haec
612 1510 810 1562 genera
849 1496 1117 1543 terrarum
1157 1491 1419 1560 sequeris,
1474 1496 1698 1561 terram,
1740 1496 1823 1546 cui

142 1570 312 1619 mixta
360 1568 432 1619 sit
479 1567 686 1637 glarea,
735 1570 829 1618 aut
879 1570 1082 1618 cretam
1127 1566 1402 1618 sabulonis
1445 1569 1821 1621 coniunctione

78 1663 120 1693 ρο
144 1643 441 1694 resolutam
478 1645 572 1693 aut
603 1641 861 1710 pinguem
895 1640 1210 1691 sabulonem
1244 1644 1337 1692 aut
1367 1644 1568 1692 terram
1599 1645 1822 1694 naturae

141 1715 404 1768 densioris
455 1719 508 1767 et
546 1714 773 1767 umidae.
852 1718 999 1766 creta
1039 1714 1194 1782 figuli
1235 1715 1452 1766 omnino
1494 1717 1824 1783 repudianda

142 1793 224 1842 est
274 1793 327 1841 et
372 1790 643 1858 uliginosa
692 1792 745 1840 et
791 1788 849 1839 in
898 1807 1002 1856 qua
1051 1806 1262 1855 semper
1308 1807 1465 1840 umor
1515 1790 1729 1841 adsistit
1770 1795 1824 1842 et

144 1865 333 1915 sabulo
381 1882 559 1915 macer
607 1866 661 1914 et
703 1862 846 1913 nuda
886 1862 1087 1930 glarea:
1140 1863 1383 1929 quamvis
1426 1863 1567 1914 enim
1608 1882 1825 1932 conpre-

143 1937 365 2004 hendat,
411 1956 522 1990 non
563 1935 904 1988 conualescit.
980 1938 1162 2004 potest
1203 1936 1331 2005 seri,
1372 1939 1424 1988 et
1463 1937 1555 1988 ubi
1599 1939 1823 1990 arbutus

76 2031 117 2063 ‘25
147 2015 238 2063 aut
277 2011 384 2063 ilex
424 2014 665 2063 steterat.
725 2028 853 2061 nam
890 2027 1067 2062 cerrus
1103 2013 1155 2060 et
1189 2010 1365 2062 excisa
1397 2011 1602 2063 radices
1634 2013 1824 2064 noxias

262 2204 288 2242 3
319 2200 514 2243 redatae
559 2200 595 2256 Q
638 2201 642 2255 Ι
689 2198 965 2241 admensura
1008 2198 1044 2255 Q
1089 2201 1103 2254 1]
1151 2203 1175 2241 5
1210 2199 1422 2243 defossae
1454 2201 1505 2243 E
1544 2201 1549 2257 1
1591 2200 1702 2257 pala
1738 2201 1779 2244 G
1815 2201 1819 2258 Ι

144 2259 255 2303 ordo
289 2259 339 2302 F
366 2261 379 2315 Η
412 2265 436 2303 6
469 2259 527 2301 iis
561 2273 686 2315 (ceys
718 2261 731 2313 Η
765 2263 787 2300 7
823 2257 966 2300 etiam
996 2259 1107 2300 tunc
1139 2259 1189 2300 E
1215 2259 1218 2316 Ι
1247 2260 1358 2302 tunc
1391 2259 1549 2315 capita-
1581 2262 1825 2316 amputata

142 2318 243 2361 luto
281 2319 334 2372 G,
367 2321 479 2361 tunc
514 2320 758 2374 amputata
793 2316 949 2372 capita
980 2316 1078 2359 luto
1112 2332 1229 2373 acy,
1262 2321 1373 2361 tunc
1407 2319 1689 2376 [amputata]
1724 2333 1822 2375 cap.

142 2377 227 2420 lut.
255 2392 275 2420 s
322 2380 335 2433 ΙΙ
384 2382 408 2420 8
440 2391 610 2420 musco.
645 2376 721 2419 uel
753 2375 852 2418 neis
884 2375 1082 2418 uinculis
1120 2377 1161 2419 G
1190 2379 1194 2432 Ι
1229 2377 1498 2420 tenascibus
1531 2379 1593 2420 E.
1624 2380 1637 2433 Η
1685 2383 1739 2420 10
1771 2381 1825 2421 ut

135 2450 224 2492 pro
257 2438 303 2479 et
336 2437 429 2480 PL
445 2437 582 2493 QSE
597 2438 636 2479 T
643 2436 692 2479 F
702 2436 743 2479 G
774 2441 813 2479 et
846 2436 941 2478 edd.
988 2437 992 2491 1
1034 2435 1244 2491 proficiet
1281 2438 1321 2479 T
1320 2473 1328 2491 ⁷
1368 2435 1581 2492 proficiat
1613 2437 1702 2480 SE
1713 2437 1755 2480 G
1785 2443 1826 2481 et

142 2496 239 2539 edd.
281 2498 294 2551 Η
335 2501 386 2538 11
422 2496 618 2539 obuersa
651 2497 720 2538 est
753 2496 799 2536 et
831 2497 963 2537 erant
994 2495 1101 2550 PL,
1135 2496 1331 2537 obuersa
1365 2498 1447 2538 est.
1490 2499 1537 2538 et
1569 2498 1727 2538 erutae
1765 2497 1819 2542 G.

143 2555 367 2598 obuersae
408 2557 637 2597 steterunt
676 2555 891 2598 editiones
933 2555 937 2609 Ι
982 2556 1029 2596 et
1067 2568 1148 2597 om.
1180 2554 1221 2597 G
1267 2557 1280 2609 Η
1329 2560 1381 2597 16
1417 2568 1565 2609 aquae
1598 2556 1648 2597 E
1688 2557 1692 2611 l
1738 2555 1823 2597 ali-

142 2615 309 2668 quatos
341 2614 392 2656 E
434 2616 448 2669 ΙΙ
496 2619 549 2656 18
581 2614 697 2656 haec
729 2616 853 2655 terra
884 2613 927 2655 L
963 2615 968 2668 1
1008 2613 1151 2655 Terra
1183 2627 1286 2655 cum
1322 2614 1363 2656 G
1401 2616 1414 2669 Η
1463 2619 1516 2656 -20
1551 2614 1820 2657 sabulonem

141 2672 364 2729 pinguem
410 2673 460 2715 E
502 2675 516 2729 Η
564 2678 616 2715 21
662 2671 851 2714 uiuidae
898 2673 1021 2715 codd.
1065 2678 1246 2727 praeter
1291 2672 1334 2714 F
1388 2676 1392 2727 Ι
1452 2672 1588 2715 Creta
1636 2672 1821 2716 omnino

143 2731 275 2788 figuli
298 2733 347 2774 E
369 2734 382 2787 ΙΙ
408 2737 461 2774 2-2
486 2732 652 2775 humor
675 2744 855 2785 semper
883 2730 924 2774 G
947 2732 960 2786 ΙΙ
986 2736 1039 2773 23
1065 2744 1223 2773 macra
1248 2731 1324 2773 ΕΞ
1349 2734 1362 2786 Η
1388 2737 1443 2773 ⁴24
1466 2735 1624 2774 tamen
1648 2746 1741 2774 non
1764 2747 1785 2776 S
1814 2733 1818 2784 ἱ

145 2791 363 2833 arbustus
400 2791 496 2847 QE
531 2794 545 2847 Η
584 2796 638 2834 25
672 2790 746 2833 lex
780 2792 871 2831 stet
903 2791 967 2844 L,
1007 2789 1100 2832 ilex
1133 2789 1376 2832 exstiterat
1412 2791 1453 2833 G
1481 2794 1485 2845 Ι
1514 2790 1636 2832 Nam
1668 2791 1824 2834 excisa

145 2849 346 2893 aceri-ius
393 2864 462 2893 us.
510 2852 556 2892 et
600 2849 781 2892 radices
822 2848 890 2902 E,
939 2862 1098 2891 ceasus
1144 2849 1193 2905 Q,
1243 2863 1427 2892 cerasus
1469 2850 1519 2903 V,
1569 2849 1717 2892 cernis
1760 2851 1819 2904 F,

145 2909 306 2951 cedrus
326 2924 360 2964 p
388 2910 393 2966 1
423 2911 470 2951 et
493 2922 573 2953 om.
601 2909 653 2964 V,
680 2907 823 2951 etiam
848 2906 1002 2949 excisa
1018 2908 1179 2963 huby),
1206 2910 1251 2950 et
1270 2908 1479 2951 aesculus
1498 2909 1653 2951 excisa
1671 2910 1823 2966 iacgys
