2072 3145
827 127 1019 172 AGRIC.
1046 128 1131 171 ΗΠ
1157 134 1210 172 1ο
1755 130 1856 181 131

179 268 349 318 aquae
394 250 628 316 tepentis
668 249 855 300 utaris,
932 249 1074 300 natis
1115 250 1449 317 germinibus
1491 268 1702 317 semper
1739 253 1947 319 pro-12

176 324 321 375 xima
359 323 529 374 herba
569 327 837 376 runcetur.
900 326 1083 390 potest
1117 322 1243 375 hinc
1276 323 1437 375 trima
1467 325 1654 392 planta
1686 327 1858 376 trans-

175 397 317 449 ferri.
397 397 443 448 si
491 416 702 448 ramum
748 397 882 449 uelis
932 415 1151 464 ponere,
1202 415 1311 448 non
1370 399 1602 465 amplius
1658 398 1858 466 sesqui-

176 472 366 539 pedem
421 471 641 523 debebis
692 471 1015 540 inmergere,
1070 490 1135 522 ne
1182 475 1471 539 putrescat.
1551 473 1704 524 claua
1753 473 1858 524 seri

132 566 152 598 5
178 545 510 597 commodius
553 549 653 614 est,
693 563 827 613 quae
868 546 940 596 sit
971 545 1241 596 manubrii
1275 546 1646 613 crassitudine,
1685 546 1857 615 longi-

176 619 362 670 tudine
412 618 660 686 cubitali,
710 638 773 671 ex
820 622 1047 686 utraque
1095 623 1248 687 parte
1296 620 1559 688 leuigata,
1604 619 1760 671 nodis
1803 625 1857 672 et

176 693 374 744 aculeis
408 693 610 759 recisiS,
654 693 745 745 sed
784 693 1001 761 integra
1033 694 1347 744 summitate
1382 712 1733 763 gemmarum,
1764 712 1858 762 per

176 785 307 835 quas
342 785 464 834 spes
497 767 668 818 futuri
702 767 960 835 germinis
993 767 1332 819 intumescat.
1397 767 1769 836 diligentiores
1803 772 1857 819 et
1881 770 1945 821 13

175 842 302 892 fimo
358 841 562 892 bubulo
611 841 857 892 adlinunt
905 841 1199 909 utrimque,
1257 842 1397 909 quod
1450 860 1719 893 summum
1761 846 1857 906 est,

108 936 151 966 10
173 915 261 966 uel
320 915 529 966 marina
577 914 700 984 alga
746 915 988 966 uestiunt
1036 915 1122 966 uel
1171 915 1364 984 argilla
1414 917 1638 968 subacta
1683 916 1856 983 partis

173 988 457 1056 utriusque
507 993 744 1040 extrema
793 989 1107 1056 cooperiunt
1154 992 1314 1057 atque
1362 990 1438 1041 ita
1484 990 1540 1041 in
1581 990 1854 1057 pastinato

176 1063 290 1114 solo
318 1063 606 1130 deponunt.
659 1063 802 1114 talea
827 1067 881 1114 et
906 1063 1160 1131 gracilior
1186 1067 1239 1114 et
1265 1064 1482 1115 breuior
1508 1082 1624 1116 esse
1648 1068 1855 1132 potest:

175 1155 309 1204 quae
358 1136 609 1188 similiter
656 1140 716 1188 ut
764 1137 918 1188 claua
967 1140 1254 1206 mergetur.
1334 1138 1425 1190 sed
1473 1138 1616 1189 talea
1658 1138 1854 1206 palmis

174 1211 382 1262 duobus
425 1211 679 1278 supersit:
721 1211 874 1262 claua
915 1211 1087 1262 omnis
1123 1211 1383 1263 obruitur.
1447 1210 1503 1262 in
1536 1213 1713 1279 spatio
1746 1230 1856 1264 non

108 1304 148 1337 15
175 1284 443 1336 desiderat
475 1285 762 1336 interualla
797 1285 1012 1337 maiora.
1079 1284 1198 1337 aliis
1238 1286 1522 1337 arboribus
1555 1304 1664 1337 non
1697 1285 1855 1338 debet

175 1358 401 1410 adnecti.
454 1358 638 1410 calidis
672 1358 819 1426 lociS,
855 1359 942 1410 sed
972 1360 1202 1428 inriguis
1229 1363 1283 1410 et
1308 1360 1597 1411 maritimis
1625 1360 1855 1411 maxime
1876 1362 1945 1413 14

173 1433 387 1501 gaudet,
430 1433 624 1500 quibus
663 1451 820 1484 umor
860 1434 1108 1485 exundat.
1177 1434 1266 1484 sed
1301 1433 1346 1484 si
1380 1434 1500 1502 quis
1531 1433 1634 1486 1100
1668 1451 1854 1502 genuS,

172 1509 232 1558 ut
278 1507 335 1557 in
380 1505 598 1576 regione
645 1506 844 1576 frigida
891 1507 1186 1574 nutriatur,
1238 1511 1547 1575 extorquet,
1599 1508 1718 1559 1000
1766 1508 1854 1559 uel

171 1579 470 1648 parietibus
526 1581 734 1632 munito
781 1581 869 1632 uel
916 1580 972 1632 in
1021 1581 1372 1632 meridianam
1426 1585 1638 1649 partem
1693 1600 1852 1633 uerso

102 1675 144 1707 20
169 1654 422 1722 disponat
454 1655 593 1706 hanc
628 1655 888 1707 arborem.
947 1656 1038 1707 sed
1070 1654 1311 1707 hibernis
1346 1656 1622 1707 mensibus
1649 1659 1853 1707 tectum

168 1728 427 1780 stramine
460 1729 604 1780 uelet
638 1729 862 1798 agresti:
896 1730 989 1780 ubi
1025 1734 1203 1780 aestas
1230 1728 1520 1796 refulserit,
1554 1730 1664 1780 aeri
1690 1730 1852 1781 arbor

165 1802 308 1854 nuda
355 1806 409 1854 et
458 1821 644 1854 secura
691 1803 960 1855 reddatur.
1037 1803 1180 1854 talea
1221 1802 1334 1854 siue
1376 1803 1530 1855 claua
1570 1804 1683 1855 eius
1725 1804 1849 1855 cali-
1874 1803 1940 1857 15

167 1877 402 1928 dissimis
452 1877 764 1945 regionibus
816 1880 869 1928 et
918 1895 1015 1945 per
1055 1880 1371 1928 autumnum
1411 1876 1652 1945 ponitur:
1702 1876 1852 1946 frigi-

170 1950 407 2001 dissimis
457 1950 588 2001 iulio
638 1955 692 2001 et
740 1955 970 2020 augusto
1018 1951 1225 2018 positas
1274 1954 1327 2002 et
1376 1951 1660 2003 cotidianis
1713 1952 1852 2020 riga.-

100 2043 141 2077 25
167 2022 407 2076 tionibus
471 2023 734 2075 animatas
795 2024 911 2093 ipse
973 2042 1142 2107 usque
1206 2025 1271 2076 ad
1326 2043 1488 2093 poma
1543 2028 1596 2077 et
1651 2042 1851 2094 magna

165 2097 499 2150 incrementa
529 2098 768 2165 perduxi.
829 2098 1055 2150 citreum
1088 2099 1264 2149 iuuari
1298 2099 1549 2167 creditur,
1588 2099 1635 2150 si
1668 2117 1851 2151 cucur-

164 2171 312 2223 bitae
352 2170 546 2223 uicinis
588 2171 720 2224 locis
763 2176 1031 2223 serantur:
1073 2191 1302 2240 quarum
1341 2173 1482 2224 uites
1523 2173 1688 2224 etiam
1729 2192 1850 2225 con-

164 2245 355 2297 bustae
379 2246 573 2297 utilem
598 2245 722 2298 citri
748 2245 1032 2298 arboribus
1052 2247 1285 2298 cinerem
1302 2247 1578 2314 praebent.
1611 2248 1848 2316 gaudent

164 2318 387 2371 adsidua
425 2318 675 2372 fossione.
742 2319 868 2371 111110
908 2320 1235 2388 proueniunt
1266 2338 1427 2389 poma
1458 2319 1678 2373 maiora.
1740 2320 1846 2371 nisi
1871 2322 1936 2373 16

97 2413 141 2445 30
166 2411 301 2460 quae
341 2392 490 2444 arida
530 2397 671 2461 sunt,
710 2393 983 2445 rarissime
1020 2394 1275 2446 debemus
1310 2394 1599 2446 abscidere.
1661 2393 1847 2445 inseri-

283 2571 306 2608 1
339 2566 781 2611 natis—transferri
813 2582 894 2611 om.
915 2582 951 2623 p
989 2570 1003 2623 ΙΙ
1043 2573 1067 2611 2
1099 2568 1258 2624 palma
1289 2569 1339 2611 E
1375 2571 1389 2623 Η
1429 2573 1453 2610 3
1487 2582 1628 2622 quam
1660 2567 1845 2622 sexqui-—

161 2625 330 2682 pedem
374 2627 442 2682 E,
484 2626 784 2683 sequipedem
815 2627 873 2681 F,
916 2627 1191 2684 sesquipede
1232 2641 1360 2684 acys
1398 2630 1412 2682 ΙΙ
1451 2632 1478 2669 4
1514 2640 1721 2683 mergere
1757 2627 1800 2671 G
1834 2627 1840 2685 Ι

163 2684 253 2728 seri
284 2687 441 2741 potest
472 2685 756 2729 commodius
782 2687 858 2729 Es
881 2688 895 2741 Η
921 2690 945 2728 5
978 2687 1030 2729 fit
1055 2686 1275 2731 PGSFz·
1300 2689 1313 2742 Η
1339 2691 1363 2729 6
1397 2686 1557 2743 leuiga
1581 2686 1724 2742 PLQ
1741 2686 1803 2728 Vl

165 2748 187 2787 7
234 2743 374 2787 rectis
414 2745 464 2787 E
507 2746 521 2800 Η
568 2749 592 2787 9
642 2744 875 2788 adliniunt
913 2745 963 2788 E
1006 2748 1020 2802 Η
1068 2751 1121 2789 10
1169 2744 1383 2788 nutriunt
1430 2748 1477 2788 et
1522 2747 1713 2788 uestunt
1751 2746 1802 2788 E

163 2807 217 2845 13
250 2803 394 2860 glaba
425 2803 475 2846 E
495 2805 510 2859 ΙΙ
536 2807 590 2846 14
622 2802 774 2847 Glaba
805 2817 914 2846 uero
947 2805 997 2847 E
1018 2809 1031 2861 Η
1057 2810 1112 2848 20
1142 2806 1318 2848 tectam
1354 2804 1425 2848 Gs
1455 2806 1470 2861 ΙΙ
1502 2809 1555 2847 21
1589 2804 1718 2847 uolet
1749 2805 1800 2846 E

161 2861 243 2904 ubi
276 2864 433 2905 autem
464 2863 514 2905 E
534 2864 549 2918 11
573 2867 627 2905 22
661 2862 804 2919 glaba
834 2864 884 2906 E
904 2865 918 2919 ΙΙ
943 2868 1000 2906 24
1029 2863 1299 2921 regionibus
1332 2864 1382 2906 E
1403 2865 1417 2920 ΙΙ
1443 2868 1497 2906 26
1530 2862 1725 2920 perduci
1749 2863 1800 2906 E

163 2919 489 2964 circumiuuari
513 2922 563 2965 E
583 2923 598 2979 ΙΙ
622 2926 677 2965 27
709 2924 936 2978 quantum
960 2923 1008 2966 E
1029 2925 1043 2978 ΙΙ
1069 2928 1124 2968 28
1154 2922 1309 2966 albori
1337 2923 1378 2967 G
1402 2925 1416 2979 ΙΙ
1441 2927 1497 2966 30
1524 2921 1796 2967 abscindere
1820 2936 1842 2966 S

1518 2996 1575 3037 9*
