<?xml version="1.0" encoding="UTF-8"?>
<!DOCTYPE html PUBLIC "-//W3C//DTD XHTML 1.0 Transitional//EN"
    "http://www.w3.org/TR/xhtml1/DTD/xhtml1-transitional.dtd">
<html xmlns="http://www.w3.org/1999/xhtml" xml:lang="en" lang="en">
 <head>
  <title>
</title>
<meta http-equiv="Content-Type" content="text/html;charset=utf-8" />
  <meta name='ocr-system' content='tesseract 3.04.00' />
  <meta name='ocr-capabilities' content='ocr_page ocr_carea ocr_par ocr_line ocrx_word'/>
</head>
<body>
  <div class='ocr_page' id='page_1' title='image "./palladiirvtiliit00palluoft_0242.png"; bbox 0 0 2014 3169; ppageno 0'>
   <div class='ocr_carea' id='block_1_1' title="bbox 177 163 1163 219">
    <p class='ocr_par' dir='ltr' id='par_1_1' title="bbox 177 163 1163 219">
     <span class='ocr_line' id='line_1_1' title="bbox 177 163 1163 219; baseline -0.003 -10"><span class='ocrx_word' id='word_1_1' title='bbox 177 166 286 219; x_wconf 77' lang='grc'><strong>220</strong></span> <span class='ocrx_word' id='word_1_2' title='bbox 879 163 1163 207; x_wconf 89' lang='lat' dir='ltr'>PALLADH</span> 
     </span>
    </p>
   </div>
   <div class='ocr_carea' id='block_1_2' title="bbox 107 283 1879 2284">
    <p class='ocr_par' dir='ltr' id='par_1_2' title="bbox 107 283 1879 2284">
     <span class='ocr_line' id='line_1_2' title="bbox 178 283 1866 356; baseline -0.003 -16"><span class='ocrx_word' id='word_1_3' title='bbox 178 291 265 347; x_wconf 87' lang='lat' dir='ltr'><strong>tos</strong></span> <span class='ocrx_word' id='word_1_4' title='bbox 314 287 532 356; x_wconf 88' lang='lat' dir='ltr'><strong>parabit</strong></span> <span class='ocrx_word' id='word_1_5' title='bbox 581 290 634 339; x_wconf 90' lang='lat' dir='ltr'><strong>et</strong></span> <span class='ocrx_word' id='word_1_6' title='bbox 688 286 745 337; x_wconf 93' lang='lat' dir='ltr'><strong>in</strong></span> <span class='ocrx_word' id='word_1_7' title='bbox 797 285 883 337; x_wconf 90' lang='lat' dir='ltr'><strong>his</strong></span> <span class='ocrx_word' id='word_1_8' title='bbox 941 284 1169 353; x_wconf 86' lang='lat' dir='ltr'><strong>pistacia</strong></span> <span class='ocrx_word' id='word_1_9' title='bbox 1223 288 1377 337; x_wconf 89' lang='lat' dir='ltr'><strong>terna</strong></span> <span class='ocrx_word' id='word_1_10' title='bbox 1433 283 1750 352; x_wconf 69' lang='lat' dir='ltr'><strong>constituet,</strong></span> <span class='ocrx_word' id='word_1_11' title='bbox 1803 287 1866 336; x_wconf 89' lang='lat' dir='ltr'><strong>ut</strong></span> 
     </span>
     <span class='ocr_line' id='line_1_3' title="bbox 179 356 1866 430; baseline -0.003 -16"><span class='ocrx_word' id='word_1_12' title='bbox 179 381 243 414; x_wconf 82' lang='lat' dir='ltr'><strong>ex</strong></span> <span class='ocrx_word' id='word_1_13' title='bbox 284 362 532 413; x_wconf 91' lang='lat' dir='ltr'><strong>omnibus</strong></span> <span class='ocrx_word' id='word_1_14' title='bbox 576 378 795 430; x_wconf 83' lang='lat' dir='ltr'>germen</span> <span class='ocrx_word' id='word_1_15' title='bbox 837 360 1210 427; x_wconf 85' lang='lat' dir='ltr'><strong>quodcumque</strong></span> <span class='ocrx_word' id='word_1_16' title='bbox 1251 359 1529 427; x_wconf 84' lang='lat' dir='ltr'><strong>procedat:</strong></span> <span class='ocrx_word' id='word_1_17' title='bbox 1574 357 1733 426; x_wconf 88' lang='lat' dir='ltr'><strong>quod,</strong></span> <span class='ocrx_word' id='word_1_18' title='bbox 1771 356 1866 410; x_wconf 89' lang='lat' dir='ltr'><strong>ubi</strong></span> 
     </span>
     <span class='ocr_line' id='line_1_4' title="bbox 183 432 1866 503; baseline -0.003 -16"><span class='ocrx_word' id='word_1_19' title='bbox 183 435 519 488; x_wconf 87' lang='lat' dir='ltr'><strong>conualuerit</strong></span> <span class='ocrx_word' id='word_1_20' title='bbox 574 434 782 503; x_wconf 88' lang='lat' dir='ltr'><strong>planta,</strong></span> <span class='ocrx_word' id='word_1_21' title='bbox 835 433 962 486; x_wconf 90' lang='lat' dir='ltr'><strong>hinc</strong></span> <span class='ocrx_word' id='word_1_22' title='bbox 1015 433 1229 485; x_wconf 76' lang='lat' dir='ltr'>facilius</span> <span class='ocrx_word' id='word_1_23' title='bbox 1277 432 1638 484; x_wconf 79' lang='lat' dir='ltr'><strong>transferatur</strong></span> <span class='ocrx_word' id='word_1_24' title='bbox 1684 449 1866 484; x_wconf 87' lang='lat' dir='ltr'><strong>mense</strong></span> 
     </span>
     <span class='ocr_line' id='line_1_5' title="bbox 180 505 1867 575; baseline -0.003 -14"><span class='ocrx_word' id='word_1_25' title='bbox 180 508 468 562; x_wconf 81' lang='lat' dir='ltr'><strong>februario.</strong></span> <span class='ocrx_word' id='word_1_26' title='bbox 547 512 694 561; x_wconf 88' lang='lat' dir='ltr'><strong>amat</strong></span> <span class='ocrx_word' id='word_1_27' title='bbox 732 509 913 560; x_wconf 91' lang='lat' dir='ltr'><strong>locum</strong></span> <span class='ocrx_word' id='word_1_28' title='bbox 955 508 1209 575; x_wconf 86' lang='lat' dir='ltr'><strong>calidum,</strong></span> <span class='ocrx_word' id='word_1_29' title='bbox 1260 507 1350 558; x_wconf 90' lang='lat' dir='ltr'><strong>sed</strong></span> <span class='ocrx_word' id='word_1_30' title='bbox 1393 510 1666 558; x_wconf 88' lang='lat' dir='ltr'><strong>umectum</strong></span> <span class='ocrx_word' id='word_1_31' title='bbox 1707 509 1762 558; x_wconf 91' lang='lat' dir='ltr'><strong>et</strong></span> <span class='ocrx_word' id='word_1_32' title='bbox 1801 505 1867 556; x_wconf 91' lang='lat' dir='ltr'><strong>ri·</strong></span> 
     </span>
     <span class='ocr_line' id='line_1_6' title="bbox 182 579 1866 653; baseline -0.003 -18"><span class='ocrx_word' id='word_1_33' title='bbox 182 584 402 653; x_wconf 89' lang='lat' dir='ltr'><strong>gatione</strong></span> <span class='ocrx_word' id='word_1_34' title='bbox 452 583 651 652; x_wconf 89' lang='lat' dir='ltr'><strong>gaudet</strong></span> <span class='ocrx_word' id='word_1_35' title='bbox 703 586 756 633; x_wconf 90' lang='lat' dir='ltr'><strong>et</strong></span> <span class='ocrx_word' id='word_1_36' title='bbox 805 582 931 634; x_wconf 90' lang='lat' dir='ltr'><strong>sole.</strong></span> <span class='ocrx_word' id='word_1_37' title='bbox 1009 581 1269 633; x_wconf 83' lang='lat' dir='ltr'><strong>inseritur</strong></span> <span class='ocrx_word' id='word_1_38' title='bbox 1323 579 1630 632; x_wconf 82' lang='lat' dir='ltr'><strong>terebintho</strong></span> <span class='ocrx_word' id='word_1_39' title='bbox 1685 597 1866 631; x_wconf 87' lang='lat' dir='ltr'><strong>mense</strong></span> 
     </span>
     <span class='ocr_line' id='line_1_7' title="bbox 183 653 1867 724; baseline -0.002 -16"><span class='ocrx_word' id='word_1_40' title='bbox 183 657 456 709; x_wconf 87' lang='lat' dir='ltr'><strong>februario</strong></span> <span class='ocrx_word' id='word_1_41' title='bbox 497 657 584 708; x_wconf 90' lang='lat' dir='ltr'><strong>uel</strong></span> <span class='ocrx_word' id='word_1_42' title='bbox 626 656 846 708; x_wconf 88' lang='lat' dir='ltr'><strong>martio:</strong></span> <span class='ocrx_word' id='word_1_43' title='bbox 887 659 944 707; x_wconf 90' lang='lat' dir='ltr'><strong>at</strong></span> <span class='ocrx_word' id='word_1_44' title='bbox 977 655 1070 707; x_wconf 89' lang='lat' dir='ltr'><strong>alii</strong></span> <span class='ocrx_word' id='word_1_45' title='bbox 1105 659 1159 707; x_wconf 89' lang='lat' dir='ltr'><strong>et</strong></span> <span class='ocrx_word' id='word_1_46' title='bbox 1193 655 1479 724; x_wconf 81' lang='lat' dir='ltr'><strong>amygdalo</strong></span> <span class='ocrx_word' id='word_1_47' title='bbox 1513 653 1678 705; x_wconf 85' lang='lat' dir='ltr'><strong>inseri</strong></span> <span class='ocrx_word' id='word_1_48' title='bbox 1709 671 1867 722; x_wconf 89' lang='lat' dir='ltr'><strong>posse</strong></span> 
     </span>
     <span class='ocr_line' id='line_1_8' title="bbox 107 727 1870 797; baseline -0.003 -13"><span class='ocrx_word' id='word_1_49' title='bbox 107 734 143 784; x_wconf 78' lang='lat'>4</span> <span class='ocrx_word' id='word_1_50' title='bbox 183 731 486 783; x_wconf 87' lang='lat' dir='ltr'><strong>firmarunt.</strong></span> <span class='ocrx_word' id='word_1_51' title='bbox 555 748 769 783; x_wconf 88' lang='lat' dir='ltr'><strong>cerasus</strong></span> <span class='ocrx_word' id='word_1_52' title='bbox 804 733 952 782; x_wconf 90' lang='lat' dir='ltr'><strong>amat</strong></span> <span class='ocrx_word' id='word_1_53' title='bbox 985 730 1117 783; x_wconf 87' lang='lat' dir='ltr'><strong>caeli</strong></span> <span class='ocrx_word' id='word_1_54' title='bbox 1151 733 1357 781; x_wconf 90' lang='lat' dir='ltr'><strong>statum</strong></span> <span class='ocrx_word' id='word_1_55' title='bbox 1388 727 1662 797; x_wconf 88' lang='lat' dir='ltr'><strong>frigidum,</strong></span> <span class='ocrx_word' id='word_1_56' title='bbox 1695 727 1870 779; x_wconf 89' lang='lat' dir='ltr'><strong>solum</strong></span> 
     </span>
     <span class='ocr_line' id='line_1_9' title="bbox 182 802 1871 874; baseline -0.003 -17"><span class='ocrx_word' id='word_1_57' title='bbox 182 823 312 857; x_wconf 87' lang='lat' dir='ltr'><strong>uero</strong></span> <span class='ocrx_word' id='word_1_58' title='bbox 353 805 645 874; x_wconf 85' lang='lat' dir='ltr'><strong>positionis</strong></span> <span class='ocrx_word' id='word_1_59' title='bbox 686 808 946 856; x_wconf 86' lang='lat' dir='ltr'><strong>umectae.</strong></span> <span class='ocrx_word' id='word_1_60' title='bbox 1016 804 1071 855; x_wconf 92' lang='lat' dir='ltr'><strong>in</strong></span> <span class='ocrx_word' id='word_1_61' title='bbox 1113 803 1310 872; x_wconf 89' lang='lat' dir='ltr'><strong>tepidis</strong></span> <span class='ocrx_word' id='word_1_62' title='bbox 1350 802 1664 872; x_wconf 85' lang='lat' dir='ltr'><strong>regionibus</strong></span> <span class='ocrx_word' id='word_1_63' title='bbox 1702 819 1871 869; x_wconf 87' lang='lat' dir='ltr'><strong>parua</strong></span> 
     </span>
     <span class='ocr_line' id='line_1_10' title="bbox 183 875 1868 948; baseline -0.002 -18"><span class='ocrx_word' id='word_1_64' title='bbox 183 879 453 948; x_wconf 91' lang='lat' dir='ltr'><strong>prouenit.</strong></span> <span class='ocrx_word' id='word_1_65' title='bbox 518 879 749 931; x_wconf 84' lang='lat' dir='ltr'><strong>calidum</strong></span> <span class='ocrx_word' id='word_1_66' title='bbox 788 896 898 930; x_wconf 93' lang='lat' dir='ltr'><strong>non</strong></span> <span class='ocrx_word' id='word_1_67' title='bbox 929 881 1113 947; x_wconf 89' lang='lat' dir='ltr'><strong>potest</strong></span> <span class='ocrx_word' id='word_1_68' title='bbox 1147 877 1426 929; x_wconf 89' lang='lat' dir='ltr'><strong>sustinere.</strong></span> <span class='ocrx_word' id='word_1_69' title='bbox 1491 879 1752 928; x_wconf 88' lang='lat' dir='ltr'><strong>montana</strong></span> <span class='ocrx_word' id='word_1_70' title='bbox 1782 875 1868 927; x_wconf 91' lang='lat' dir='ltr'><strong>uel</strong></span> 
     </span>
     <span class='ocr_line' id='line_1_11' title="bbox 182 950 1871 1021; baseline -0.003 -16"><span class='ocrx_word' id='word_1_71' title='bbox 182 953 240 1005; x_wconf 91' lang='lat' dir='ltr'><strong>in</strong></span> <span class='ocrx_word' id='word_1_72' title='bbox 274 953 504 1006; x_wconf 84' lang='lat' dir='ltr'><strong>collibus</strong></span> <span class='ocrx_word' id='word_1_73' title='bbox 539 953 837 1005; x_wconf 88' lang='lat' dir='ltr'><strong>constituta</strong></span> <span class='ocrx_word' id='word_1_74' title='bbox 869 953 1088 1021; x_wconf 81' lang='lat' dir='ltr'><strong>regione</strong></span> <span class='ocrx_word' id='word_1_75' title='bbox 1120 952 1369 1003; x_wconf 85' lang='lat' dir='ltr'><strong>laetatur.</strong></span> <span class='ocrx_word' id='word_1_76' title='bbox 1426 950 1596 1003; x_wconf 87' lang='lat' dir='ltr'><strong>cerasi</strong></span> <span class='ocrx_word' id='word_1_77' title='bbox 1628 950 1871 1018; x_wconf 83' lang='lat' dir='ltr'><strong>plantam</strong></span> 
     </span>
     <span class='ocr_line' id='line_1_12' title="bbox 186 1024 1871 1080; baseline -0.003 -1"><span class='ocrx_word' id='word_1_78' title='bbox 186 1028 497 1080; x_wconf 86' lang='lat' dir='ltr'><strong>siluestrem</strong></span> <span class='ocrx_word' id='word_1_79' title='bbox 544 1027 839 1079; x_wconf 80' lang='lat' dir='ltr'><strong>transferre</strong></span> <span class='ocrx_word' id='word_1_80' title='bbox 885 1027 1140 1078; x_wconf 82' lang='lat' dir='ltr'><strong>debemus</strong></span> <span class='ocrx_word' id='word_1_81' title='bbox 1182 1043 1364 1078; x_wconf 89' lang='lat' dir='ltr'><strong>mense</strong></span> <span class='ocrx_word' id='word_1_82' title='bbox 1406 1024 1616 1077; x_wconf 90' lang='lat' dir='ltr'><strong>octobri</strong></span> <span class='ocrx_word' id='word_1_83' title='bbox 1656 1024 1742 1076; x_wconf 92' lang='lat' dir='ltr'><strong>uel</strong></span> <span class='ocrx_word' id='word_1_84' title='bbox 1780 1040 1871 1075; x_wconf 93' lang='lat' dir='ltr'><strong>no-</strong></span> 
     </span>
     <span class='ocr_line' id='line_1_13' title="bbox 185 1097 1873 1169; baseline -0.004 -15"><span class='ocrx_word' id='word_1_85' title='bbox 185 1102 399 1154; x_wconf 92' lang='lat' dir='ltr'><strong>uembri</strong></span> <span class='ocrx_word' id='word_1_86' title='bbox 462 1105 516 1154; x_wconf 87' lang='lat' dir='ltr'><strong>et</strong></span> <span class='ocrx_word' id='word_1_87' title='bbox 573 1120 691 1153; x_wconf 90' lang='lat' dir='ltr'><strong>eam</strong></span> <span class='ocrx_word' id='word_1_88' title='bbox 745 1102 920 1169; x_wconf 85' lang='lat' dir='ltr'><strong>primo</strong></span> <span class='ocrx_word' id='word_1_89' title='bbox 977 1100 1245 1168; x_wconf 87' lang='lat' dir='ltr'><strong>ianuario,</strong></span> <span class='ocrx_word' id='word_1_90' title='bbox 1301 1118 1422 1151; x_wconf 92' lang='lat' dir='ltr'><strong>cum</strong></span> <span class='ocrx_word' id='word_1_91' title='bbox 1472 1097 1873 1166; x_wconf 85' lang='lat' dir='ltr'><strong>conprehendit,</strong></span> 
     </span>
     <span class='ocr_line' id='line_1_14' title="bbox 186 1171 1872 1245; baseline -0.003 -17"><span class='ocrx_word' id='word_1_92' title='bbox 186 1177 438 1228; x_wconf 87' lang='lat' dir='ltr'><strong>inserere.</strong></span> <span class='ocrx_word' id='word_1_93' title='bbox 515 1175 788 1245; x_wconf 84' lang='lat' dir='ltr'><strong>plantaria</strong></span> <span class='ocrx_word' id='word_1_94' title='bbox 827 1193 955 1227; x_wconf 87' lang='lat' dir='ltr'><strong>uero</strong></span> <span class='ocrx_word' id='word_1_95' title='bbox 998 1174 1166 1227; x_wconf 89' lang='lat' dir='ltr'><strong>creari</strong></span> <span class='ocrx_word' id='word_1_96' title='bbox 1206 1177 1458 1242; x_wconf 76' lang='lat' dir='ltr'><strong>possunt,</strong></span> <span class='ocrx_word' id='word_1_97' title='bbox 1498 1173 1544 1226; x_wconf 88' lang='lat' dir='ltr'><strong>si</strong></span> <span class='ocrx_word' id='word_1_98' title='bbox 1582 1171 1872 1241; x_wconf 89' lang='lat' dir='ltr'><strong>praedictis</strong></span> 
     </span>
     <span class='ocr_line' id='line_1_15' title="bbox 187 1245 1873 1319; baseline -0.003 -17"><span class='ocrx_word' id='word_1_99' title='bbox 187 1250 464 1302; x_wconf 86' lang='lat' dir='ltr'><strong>mensibus</strong></span> <span class='ocrx_word' id='word_1_100' title='bbox 522 1255 848 1319; x_wconf 79' lang='lat' dir='ltr'><strong>spargantur</strong></span> <span class='ocrx_word' id='word_1_101' title='bbox 902 1268 1090 1318; x_wconf 89' lang='lat' dir='ltr'><strong>poma,</strong></span> <span class='ocrx_word' id='word_1_102' title='bbox 1153 1266 1288 1316; x_wconf 88' lang='lat' dir='ltr'><strong>quae</strong></span> <span class='ocrx_word' id='word_1_103' title='bbox 1345 1266 1556 1300; x_wconf 90' lang='lat' dir='ltr'><strong>summa</strong></span> <span class='ocrx_word' id='word_1_104' title='bbox 1610 1245 1873 1299; x_wconf 81' lang='lat' dir='ltr'><strong>facilitate</strong></span> 
     </span>
     <span class='ocr_line' id='line_1_16' title="bbox 115 1320 1874 1394; baseline -0.003 -17"><span class='ocrx_word' id='word_1_105' title='bbox 115 1328 148 1378; x_wconf 76' lang='grc' dir='ltr'><strong>ξ)</strong></span> <span class='ocrx_word' id='word_1_106' title='bbox 189 1325 494 1377; x_wconf 86' lang='lat' dir='ltr'><strong>nascentur.</strong></span> <span class='ocrx_word' id='word_1_107' title='bbox 560 1342 660 1394; x_wconf 91' lang='lat' dir='ltr'><strong>ego</strong></span> <span class='ocrx_word' id='word_1_108' title='bbox 704 1323 779 1376; x_wconf 89' lang='lat' dir='ltr'><strong>sic</strong></span> <span class='ocrx_word' id='word_1_109' title='bbox 818 1323 979 1376; x_wconf 91' lang='lat' dir='ltr'><strong>huius</strong></span> <span class='ocrx_word' id='word_1_110' title='bbox 1021 1323 1229 1375; x_wconf 89' lang='lat' dir='ltr'><strong>arboris</strong></span> <span class='ocrx_word' id='word_1_111' title='bbox 1269 1322 1592 1374; x_wconf 86' lang='lat' dir='ltr'><strong>facilitatem</strong></span> <span class='ocrx_word' id='word_1_112' title='bbox 1629 1320 1874 1390; x_wconf 89' lang='lat' dir='ltr'><strong>probaui,</strong></span> 
     </span>
     <span class='ocr_line' id='line_1_17' title="bbox 187 1395 1874 1469; baseline -0.003 -19"><span class='ocrx_word' id='word_1_113' title='bbox 187 1404 249 1451; x_wconf 91' lang='lat' dir='ltr'><strong>ut</strong></span> <span class='ocrx_word' id='word_1_114' title='bbox 299 1399 543 1469; x_wconf 89' lang='lat' dir='ltr'><strong>uirgulta</strong></span> <span class='ocrx_word' id='word_1_115' title='bbox 602 1417 665 1450; x_wconf 81' lang='lat' dir='ltr'><strong>ex</strong></span> <span class='ocrx_word' id='word_1_116' title='bbox 721 1416 904 1450; x_wconf 89' lang='lat' dir='ltr'><strong>ceraso</strong></span> <span class='ocrx_word' id='word_1_117' title='bbox 959 1416 1058 1466; x_wconf 86' lang='lat' dir='ltr'><strong>pro</strong></span> <span class='ocrx_word' id='word_1_118' title='bbox 1115 1396 1454 1449; x_wconf 89' lang='lat' dir='ltr'><strong>adminiculis</strong></span> <span class='ocrx_word' id='word_1_119' title='bbox 1510 1414 1606 1464; x_wconf 93' lang='lat' dir='ltr'><strong>per</strong></span> <span class='ocrx_word' id='word_1_120' title='bbox 1660 1395 1874 1446; x_wconf 91' lang='lat' dir='ltr'><strong>uineam</strong></span> 
     </span>
     <span class='ocr_line' id='line_1_18' title="bbox 187 1468 1873 1542; baseline -0.004 -17"><span class='ocrx_word' id='word_1_121' title='bbox 187 1473 369 1542; x_wconf 86' lang='lat' dir='ltr'><strong>posita</strong></span> <span class='ocrx_word' id='word_1_122' title='bbox 406 1473 464 1524; x_wconf 95' lang='lat' dir='ltr'><strong>in</strong></span> <span class='ocrx_word' id='word_1_123' title='bbox 505 1473 754 1525; x_wconf 88' lang='lat' dir='ltr'><strong>arborem</strong></span> <span class='ocrx_word' id='word_1_124' title='bbox 793 1472 1110 1541; x_wconf 87' lang='lat' dir='ltr'><strong>prosiluisse</strong></span> <span class='ocrx_word' id='word_1_125' title='bbox 1153 1471 1479 1523; x_wconf 85' lang='lat' dir='ltr'><strong>confirmem.</strong></span> <span class='ocrx_word' id='word_1_126' title='bbox 1543 1473 1597 1521; x_wconf 90' lang='lat' dir='ltr'><strong>et</strong></span> <span class='ocrx_word' id='word_1_127' title='bbox 1629 1468 1873 1521; x_wconf 88' lang='lat' dir='ltr'><strong>ianuario</strong></span> 
     </span>
     <span class='ocr_line' id='line_1_19' title="bbox 189 1542 1874 1615; baseline -0.004 -16"><span class='ocrx_word' id='word_1_128' title='bbox 189 1565 371 1599; x_wconf 92' lang='lat' dir='ltr'><strong>mense</strong></span> <span class='ocrx_word' id='word_1_129' title='bbox 422 1547 527 1599; x_wconf 87' lang='lat' dir='ltr'><strong>seri</strong></span> <span class='ocrx_word' id='word_1_130' title='bbox 566 1550 762 1615; x_wconf 92' lang='lat' dir='ltr'><strong>potest.</strong></span> <span class='ocrx_word' id='word_1_131' title='bbox 840 1546 1098 1598; x_wconf 88' lang='lat' dir='ltr'><strong>inseritur</strong></span> <span class='ocrx_word' id='word_1_132' title='bbox 1138 1563 1320 1597; x_wconf 90' lang='lat' dir='ltr'><strong>mense</strong></span> <span class='ocrx_word' id='word_1_133' title='bbox 1360 1544 1642 1596; x_wconf 87' lang='lat' dir='ltr'><strong>nouembri</strong></span> <span class='ocrx_word' id='word_1_134' title='bbox 1682 1542 1874 1594; x_wconf 88' lang='lat' dir='ltr'><strong>melius</strong></span> 
     </span>
     <span class='ocr_line' id='line_1_20' title="bbox 189 1616 1874 1688; baseline -0.003 -15"><span class='ocrx_word' id='word_1_135' title='bbox 189 1622 299 1687; x_wconf 92' lang='lat' dir='ltr'><strong>uel,</strong></span> <span class='ocrx_word' id='word_1_136' title='bbox 341 1622 387 1673; x_wconf 88' lang='lat' dir='ltr'><strong>si</strong></span> <span class='ocrx_word' id='word_1_137' title='bbox 427 1639 643 1674; x_wconf 88' lang='lat' dir='ltr'><strong>necesse</strong></span> <span class='ocrx_word' id='word_1_138' title='bbox 686 1621 778 1688; x_wconf 90' lang='lat' dir='ltr'><strong>sit,</strong></span> <span class='ocrx_word' id='word_1_139' title='bbox 821 1624 1060 1672; x_wconf 85' lang='lat' dir='ltr'><strong>extremo</strong></span> <span class='ocrx_word' id='word_1_140' title='bbox 1101 1619 1361 1671; x_wconf 77' lang='lat' dir='ltr'><strong>ianuario,</strong></span> <span class='ocrx_word' id='word_1_141' title='bbox 1434 1618 1525 1670; x_wconf 87' lang='lat' dir='ltr'><strong>alii</strong></span> <span class='ocrx_word' id='word_1_142' title='bbox 1567 1621 1621 1669; x_wconf 92' lang='lat' dir='ltr'><strong>et</strong></span> <span class='ocrx_word' id='word_1_143' title='bbox 1662 1616 1874 1669; x_wconf 89' lang='lat' dir='ltr'><strong>octobri</strong></span> 
     </span>
     <span class='ocr_line' id='line_1_21' title="bbox 187 1691 1873 1748; baseline -0.004 -1"><span class='ocrx_word' id='word_1_144' title='bbox 187 1692 528 1748; x_wconf 88' lang='lat' dir='ltr'><strong>inserendam</strong></span> <span class='ocrx_word' id='word_1_145' title='bbox 571 1713 686 1747; x_wconf 90' lang='lat' dir='ltr'><strong>esse</strong></span> <span class='ocrx_word' id='word_1_146' title='bbox 726 1694 987 1746; x_wconf 74' lang='lat' dir='ltr'><strong>dixerunt.</strong></span> <span class='ocrx_word' id='word_1_147' title='bbox 1067 1692 1334 1746; x_wconf 88' lang='lat' dir='ltr'><strong>Martialis</strong></span> <span class='ocrx_word' id='word_1_148' title='bbox 1382 1693 1437 1744; x_wconf 92' lang='lat' dir='ltr'><strong>in</strong></span> <span class='ocrx_word' id='word_1_149' title='bbox 1479 1696 1670 1744; x_wconf 89' lang='lat' dir='ltr'><strong>trunco</strong></span> <span class='ocrx_word' id='word_1_150' title='bbox 1709 1691 1873 1742; x_wconf 87' lang='lat' dir='ltr'><strong>inseri</strong></span> 
     </span>
     <span class='ocr_line' id='line_1_22' title="bbox 188 1766 1875 1837; baseline -0.004 -16"><span class='ocrx_word' id='word_1_151' title='bbox 188 1769 362 1821; x_wconf 87' lang='lat' dir='ltr'><strong>iubet:</strong></span> <span class='ocrx_word' id='word_1_152' title='bbox 403 1770 538 1821; x_wconf 92' lang='lat' dir='ltr'><strong>mihi</strong></span> <span class='ocrx_word' id='word_1_153' title='bbox 578 1770 722 1821; x_wconf 88' lang='lat' dir='ltr'><strong>inter</strong></span> <span class='ocrx_word' id='word_1_154' title='bbox 764 1768 1021 1821; x_wconf 89' lang='lat' dir='ltr'><strong>corticem</strong></span> <span class='ocrx_word' id='word_1_155' title='bbox 1063 1772 1116 1820; x_wconf 91' lang='lat' dir='ltr'><strong>et</strong></span> <span class='ocrx_word' id='word_1_156' title='bbox 1157 1767 1366 1837; x_wconf 90' lang='lat' dir='ltr'><strong>lignum</strong></span> <span class='ocrx_word' id='word_1_157' title='bbox 1398 1766 1631 1818; x_wconf 87' lang='lat' dir='ltr'><strong>feliciter</strong></span> <span class='ocrx_word' id='word_1_158' title='bbox 1664 1782 1875 1833; x_wconf 88' lang='lat' dir='ltr'><strong>semper</strong></span> 
     </span>
     <span class='ocr_line' id='line_1_23' title="bbox 190 1838 1876 1912; baseline -0.004 -16"><span class='ocrx_word' id='word_1_159' title='bbox 190 1844 385 1896; x_wconf 90' lang='lat' dir='ltr'><strong>euenit.</strong></span> <span class='ocrx_word' id='word_1_160' title='bbox 464 1844 555 1912; x_wconf 89' lang='lat' dir='ltr'><strong>qui</strong></span> <span class='ocrx_word' id='word_1_161' title='bbox 596 1844 653 1895; x_wconf 92' lang='lat' dir='ltr'><strong>in</strong></span> <span class='ocrx_word' id='word_1_162' title='bbox 693 1847 884 1895; x_wconf 81' lang='lat' dir='ltr'><strong>trunco</strong></span> <span class='ocrx_word' id='word_1_163' title='bbox 924 1844 1190 1909; x_wconf 90' lang='lat' dir='ltr'><strong>inserunt,</strong></span> <span class='ocrx_word' id='word_1_164' title='bbox 1240 1841 1378 1893; x_wconf 83' lang='lat' dir='ltr'><strong>sicut</strong></span> <span class='ocrx_word' id='word_1_165' title='bbox 1417 1839 1686 1892; x_wconf 89' lang='lat' dir='ltr'><strong>Martialis</strong></span> <span class='ocrx_word' id='word_1_166' title='bbox 1731 1838 1876 1906; x_wconf 87' lang='lat' dir='ltr'><strong>dicit,</strong></span> 
     </span>
     <span class='ocr_line' id='line_1_24' title="bbox 195 1913 1876 1988; baseline -0.003 -18"><span class='ocrx_word' id='word_1_167' title='bbox 195 1937 410 1970; x_wconf 87' lang='lat' dir='ltr'><strong>omnem</strong></span> <span class='ocrx_word' id='word_1_168' title='bbox 449 1918 784 1988; x_wconf 87' lang='lat' dir='ltr'><strong>lanuginem,</strong></span> <span class='ocrx_word' id='word_1_169' title='bbox 828 1936 962 1985; x_wconf 90' lang='lat' dir='ltr'><strong>quae</strong></span> <span class='ocrx_word' id='word_1_170' title='bbox 1005 1917 1146 1969; x_wconf 86' lang='lat' dir='ltr'><strong>circa</strong></span> <span class='ocrx_word' id='word_1_171' title='bbox 1187 1919 1290 1983; x_wconf 89' lang='lat' dir='ltr'><strong>est,</strong></span> <span class='ocrx_word' id='word_1_172' title='bbox 1331 1914 1539 1967; x_wconf 86' lang='lat' dir='ltr'><strong>auferre</strong></span> <span class='ocrx_word' id='word_1_173' title='bbox 1581 1913 1876 1966; x_wconf 88' lang='lat' dir='ltr'><strong>debebunt:</strong></span> 
     </span>
     <span class='ocr_line' id='line_1_25' title="bbox 118 1986 1877 2060; baseline -0.003 -16"><span class='ocrx_word' id='word_1_174' title='bbox 118 1993 149 2046; x_wconf 82' lang='lat'>6</span> <span class='ocrx_word' id='word_1_175' title='bbox 193 2011 375 2060; x_wconf 86' lang='lat' dir='ltr'><strong>quam,</strong></span> <span class='ocrx_word' id='word_1_176' title='bbox 435 1991 480 2044; x_wconf 93' lang='lat' dir='ltr'><strong>si</strong></span> <span class='ocrx_word' id='word_1_177' title='bbox 535 1992 880 2059; x_wconf 89' lang='lat' dir='ltr'><strong>remanserit,</strong></span> <span class='ocrx_word' id='word_1_178' title='bbox 934 1991 1114 2043; x_wconf 87' lang='lat' dir='ltr'><strong>insitis</strong></span> <span class='ocrx_word' id='word_1_179' title='bbox 1170 2007 1362 2042; x_wconf 88' lang='lat' dir='ltr'><strong>nocere</strong></span> <span class='ocrx_word' id='word_1_180' title='bbox 1418 1987 1742 2040; x_wconf 89' lang='lat' dir='ltr'><strong>manifestat.</strong></span> <span class='ocrx_word' id='word_1_181' title='bbox 1820 1986 1877 2038; x_wconf 92' lang='lat' dir='ltr'><strong>in</strong></span> 
     </span>
     <span class='ocr_line' id='line_1_26' title="bbox 193 2062 1876 2133; baseline -0.004 -14"><span class='ocrx_word' id='word_1_182' title='bbox 193 2067 390 2119; x_wconf 82' lang='lat' dir='ltr'><strong>cerasis</strong></span> <span class='ocrx_word' id='word_1_183' title='bbox 430 2067 533 2119; x_wconf 93' lang='lat' dir='ltr'><strong>hoc</strong></span> <span class='ocrx_word' id='word_1_184' title='bbox 576 2066 900 2118; x_wconf 89' lang='lat' dir='ltr'><strong>seruandum</strong></span> <span class='ocrx_word' id='word_1_185' title='bbox 941 2069 995 2118; x_wconf 87' lang='lat' dir='ltr'><strong>et</strong></span> <span class='ocrx_word' id='word_1_186' title='bbox 1031 2064 1088 2116; x_wconf 93' lang='lat' dir='ltr'><strong>in</strong></span> <span class='ocrx_word' id='word_1_187' title='bbox 1121 2064 1370 2117; x_wconf 86' lang='lat' dir='ltr'><strong>omnibus</strong></span> <span class='ocrx_word' id='word_1_188' title='bbox 1406 2062 1776 2133; x_wconf 90' lang='lat' dir='ltr'><strong>gumminatis,</strong></span> <span class='ocrx_word' id='word_1_189' title='bbox 1815 2064 1876 2113; x_wconf 91' lang='lat' dir='ltr'><strong>ut</strong></span> 
     </span>
     <span class='ocr_line' id='line_1_27' title="bbox 189 2135 1877 2208; baseline -0.003 -16"><span class='ocrx_word' id='word_1_190' title='bbox 189 2144 317 2192; x_wconf 92' lang='lat' dir='ltr'><strong>tunc</strong></span> <span class='ocrx_word' id='word_1_191' title='bbox 366 2141 697 2208; x_wconf 89' lang='lat' dir='ltr'><strong>inserantur,</strong></span> <span class='ocrx_word' id='word_1_192' title='bbox 748 2140 960 2208; x_wconf 86' lang='lat' dir='ltr'><strong>quando</strong></span> <span class='ocrx_word' id='word_1_193' title='bbox 1007 2139 1092 2191; x_wconf 92' lang='lat' dir='ltr'><strong>his</strong></span> <span class='ocrx_word' id='word_1_194' title='bbox 1141 2139 1229 2191; x_wconf 90' lang='lat' dir='ltr'><strong>uel</strong></span> <span class='ocrx_word' id='word_1_195' title='bbox 1275 2156 1385 2190; x_wconf 93' lang='lat' dir='ltr'><strong>non</strong></span> <span class='ocrx_word' id='word_1_196' title='bbox 1432 2141 1513 2189; x_wconf 90' lang='lat' dir='ltr'><strong>est</strong></span> <span class='ocrx_word' id='word_1_197' title='bbox 1552 2137 1638 2188; x_wconf 91' lang='lat' dir='ltr'><strong>uel</strong></span> <span class='ocrx_word' id='word_1_198' title='bbox 1678 2135 1877 2188; x_wconf 87' lang='lat' dir='ltr'><strong>desinit</strong></span> 
     </span>
     <span class='ocr_line' id='line_1_28' title="bbox 191 2211 1879 2284; baseline -0.003 -18"><span class='ocrx_word' id='word_1_199' title='bbox 191 2232 448 2284; x_wconf 90' lang='lat' dir='ltr'><strong>gummen</strong></span> <span class='ocrx_word' id='word_1_200' title='bbox 489 2214 720 2266; x_wconf 86' lang='lat' dir='ltr'><strong>effluere.</strong></span> <span class='ocrx_word' id='word_1_201' title='bbox 799 2232 1012 2266; x_wconf 89' lang='lat' dir='ltr'><strong>cerasus</strong></span> <span class='ocrx_word' id='word_1_202' title='bbox 1054 2213 1312 2265; x_wconf 85' lang='lat' dir='ltr'><strong>inseritur</strong></span> <span class='ocrx_word' id='word_1_203' title='bbox 1352 2212 1407 2263; x_wconf 91' lang='lat' dir='ltr'><strong>in</strong></span> <span class='ocrx_word' id='word_1_204' title='bbox 1455 2229 1535 2279; x_wconf 91' lang='lat' dir='ltr'><strong>se,</strong></span> <span class='ocrx_word' id='word_1_205' title='bbox 1583 2211 1640 2262; x_wconf 91' lang='lat' dir='ltr'><strong>in</strong></span> <span class='ocrx_word' id='word_1_206' title='bbox 1686 2228 1879 2278; x_wconf 87' lang='lat' dir='ltr'><strong>prunO,</strong></span> 
     </span>
    </p>
   </div>
   <div class='ocr_carea' id='block_1_3' title="bbox 194 2369 1879 3010">
    <p class='ocr_par' dir='ltr' id='par_1_3' title="bbox 194 2369 1879 3010">
     <span class='ocr_line' id='line_1_29' title="bbox 311 2369 1876 2429; baseline -0.003 -13"><span class='ocrx_word' id='word_1_207' title='bbox 311 2379 335 2416; x_wconf 84' lang='lat'>3</span> <span class='ocrx_word' id='word_1_208' title='bbox 369 2374 547 2418; x_wconf 80' lang='lat' dir='ltr'><strong>feratur</strong></span> <span class='ocrx_word' id='word_1_209' title='bbox 580 2375 628 2417; x_wconf 92' lang='grc' dir='ltr'><em>Ε</em></span> <span class='ocrx_word' id='word_1_210' title='bbox 655 2377 658 2429; x_wconf 70' lang='grc' dir='ltr'>ξ</span> <span class='ocrx_word' id='word_1_211' title='bbox 695 2379 722 2416; x_wconf 82' lang='grc'>4</span> <span class='ocrx_word' id='word_1_212' title='bbox 758 2373 994 2417; x_wconf 85' lang='lat' dir='ltr'><strong>februario</strong></span> <span class='ocrx_word' id='word_1_213' title='bbox 1028 2372 1104 2416; x_wconf 89' lang='lat' dir='ltr'><strong>uel</strong></span> <span class='ocrx_word' id='word_1_214' title='bbox 1136 2372 1305 2415; x_wconf 80' lang='lat' dir='ltr'><strong>martio</strong></span> <span class='ocrx_word' id='word_1_215' title='bbox 1338 2372 1379 2414; x_wconf 92' lang='lat' dir='ltr'><em>L</em></span> <span class='ocrx_word' id='word_1_216' title='bbox 1410 2374 1414 2426; x_wconf 81' lang='grc'><strong>1</strong></span> <span class='ocrx_word' id='word_1_217' title='bbox 1444 2370 1518 2414; x_wconf 81' lang='grc'>1131</span> <span class='ocrx_word' id='word_1_218' title='bbox 1553 2372 1787 2413; x_wconf 82' lang='lat' dir='ltr'><strong>umectum</strong></span> <span class='ocrx_word' id='word_1_219' title='bbox 1819 2369 1876 2425; x_wconf 90' lang='lat' dir='ltr'><strong>L,</strong></span> 
     </span>
     <span class='ocr_line' id='line_1_30' title="bbox 194 2429 1877 2490; baseline -0.003 -14"><span class='ocrx_word' id='word_1_220' title='bbox 194 2435 274 2476; x_wconf 80' lang='lat' dir='ltr'><strong>sed</strong></span> <span class='ocrx_word' id='word_1_221' title='bbox 306 2434 551 2477; x_wconf 86' lang='lat' dir='ltr'><strong>humidum</strong></span> <span class='ocrx_word' id='word_1_222' title='bbox 583 2434 632 2477; x_wconf 90' lang='lat' dir='ltr'><em>E</em></span> <span class='ocrx_word' id='word_1_223' title='bbox 654 2436 717 2490; x_wconf 73' lang='grc' dir='ltr'><strong>1Ιὸ</strong></span> <span class='ocrx_word' id='word_1_224' title='bbox 750 2432 1017 2476; x_wconf 86' lang='lat' dir='ltr'><strong>therebinto</strong></span> <span class='ocrx_word' id='word_1_225' title='bbox 1052 2432 1173 2485; x_wconf 64' lang='lat' dir='ltr'><strong>Psi,</strong></span> <span class='ocrx_word' id='word_1_226' title='bbox 1207 2430 1440 2475; x_wconf 79' lang='lat' dir='ltr'><strong>terebinto</strong></span> <span class='ocrx_word' id='word_1_227' title='bbox 1466 2431 1525 2485; x_wconf 83' lang='lat' dir='ltr'><strong>E,</strong></span> <span class='ocrx_word' id='word_1_228' title='bbox 1559 2429 1877 2472; x_wconf 87' lang='lat' dir='ltr'><strong>Therebintho</strong></span> 
     </span>
     <span class='ocr_line' id='line_1_31' title="bbox 200 2487 1879 2549; baseline -0.002 -14"><span class='ocrx_word' id='word_1_229' title='bbox 200 2493 293 2537; x_wconf 80' lang='lat' dir='ltr'><strong>VG</strong></span> <span class='ocrx_word' id='word_1_230' title='bbox 318 2496 331 2548; x_wconf 70' lang='lat' dir='ltr'><strong>ql</strong></span> <span class='ocrx_word' id='word_1_231' title='bbox 357 2499 382 2536; x_wconf 83' lang='lat'>6</span> <span class='ocrx_word' id='word_1_232' title='bbox 414 2496 466 2536; x_wconf 85' lang='lat' dir='ltr'><strong>ut</strong></span> <span class='ocrx_word' id='word_1_233' title='bbox 492 2507 579 2549; x_wconf 72' lang='lat' dir='ltr'><strong>pro</strong></span> <span class='ocrx_word' id='word_1_234' title='bbox 614 2497 663 2536; x_wconf 86' lang='lat' dir='ltr'><strong>at</strong></span> <span class='ocrx_word' id='word_1_235' title='bbox 695 2493 842 2546; x_wconf 61' lang='lat' dir='ltr'><strong>codd,</strong></span> <span class='ocrx_word' id='word_1_236' title='bbox 875 2492 952 2534; x_wconf 89' lang='lat' dir='ltr'><strong>uel</strong></span> <span class='ocrx_word' id='word_1_237' title='bbox 984 2494 1035 2534; x_wconf 89' lang='lat' dir='ltr'><strong>ut</strong></span> <span class='ocrx_word' id='word_1_238' title='bbox 1054 2506 1089 2547; x_wconf 75' lang='lat' dir='ltr'><strong>p</strong></span> <span class='ocrx_word' id='word_1_239' title='bbox 1118 2494 1122 2548; x_wconf 87' lang='grc' dir='ltr'>Ι</span> <span class='ocrx_word' id='word_1_240' title='bbox 1152 2495 1197 2534; x_wconf 86' lang='lat' dir='ltr'><strong>et</strong></span> <span class='ocrx_word' id='word_1_241' title='bbox 1221 2505 1302 2535; x_wconf 86' lang='lat' dir='ltr'><strong>om.</strong></span> <span class='ocrx_word' id='word_1_242' title='bbox 1338 2492 1491 2546; x_wconf 74' lang='lat' dir='ltr'><strong>iacys</strong></span> <span class='ocrx_word' id='word_1_243' title='bbox 1519 2491 1524 2545; x_wconf 79' lang='grc' dir='ltr'>Ι</span> <span class='ocrx_word' id='word_1_244' title='bbox 1554 2487 1790 2545; x_wconf 86' lang='lat' dir='ltr'><strong>amigdalo</strong></span> <span class='ocrx_word' id='word_1_245' title='bbox 1809 2488 1844 2532; x_wconf 99' lang='lat' dir='ltr'><strong><em>S</em></strong></span> <span class='ocrx_word' id='word_1_246' title='bbox 1863 2488 1879 2545; x_wconf 86' lang='grc' dir='ltr'>Η</span> 
     </span>
     <span class='ocr_line' id='line_1_32' title="bbox 195 2548 1879 2609; baseline -0.003 -15"><span class='ocrx_word' id='word_1_247' title='bbox 195 2556 217 2594; x_wconf 90' lang='grc'>7</span> <span class='ocrx_word' id='word_1_248' title='bbox 247 2552 481 2595; x_wconf 84' lang='lat' dir='ltr'><strong>affirmant</strong></span> <span class='ocrx_word' id='word_1_249' title='bbox 497 2554 547 2595; x_wconf 87' lang='lat' dir='ltr'><em>E</em></span> <span class='ocrx_word' id='word_1_250' title='bbox 569 2555 581 2607; x_wconf 78' lang='grc' dir='ltr'>Η</span> <span class='ocrx_word' id='word_1_251' title='bbox 609 2557 661 2595; x_wconf 92' lang='grc'><strong>12</strong></span> <span class='ocrx_word' id='word_1_252' title='bbox 689 2550 1092 2609; x_wconf 83' lang='lat' dir='ltr'><strong>comprehenderit</strong></span> <span class='ocrx_word' id='word_1_253' title='bbox 1115 2551 1215 2604; x_wconf 83' lang='lat' dir='ltr'><strong>SE,</strong></span> <span class='ocrx_word' id='word_1_254' title='bbox 1240 2548 1518 2607; x_wconf 86' lang='lat' dir='ltr'><strong>praehendit</strong></span> <span class='ocrx_word' id='word_1_255' title='bbox 1545 2548 1587 2592; x_wconf 79' lang='lat' dir='ltr'><strong><em>G</em></strong></span> <span class='ocrx_word' id='word_1_256' title='bbox 1610 2551 1623 2605; x_wconf 81' lang='grc' dir='ltr'><strong>ΙΙ</strong></span> <span class='ocrx_word' id='word_1_257' title='bbox 1650 2553 1703 2590; x_wconf 89' lang='grc'><strong>13</strong></span> <span class='ocrx_word' id='word_1_258' title='bbox 1730 2559 1879 2590; x_wconf 87' lang='lat' dir='ltr'><strong>serere</strong></span> 
     </span>
     <span class='ocr_line' id='line_1_33' title="bbox 194 2606 1879 2667; baseline -0.004 -12"><span class='ocrx_word' id='word_1_259' title='bbox 194 2612 286 2655; x_wconf 87' lang='lat' dir='ltr'><strong>SE</strong></span> <span class='ocrx_word' id='word_1_260' title='bbox 319 2614 332 2667; x_wconf 65' lang='lat' dir='ltr'><strong>ll</strong></span> <span class='ocrx_word' id='word_1_261' title='bbox 375 2618 428 2655; x_wconf 83' lang='lat'><strong>14</strong></span> <span class='ocrx_word' id='word_1_262' title='bbox 461 2611 760 2655; x_wconf 77' lang='lat' dir='ltr'><strong>facillitatem</strong></span> <span class='ocrx_word' id='word_1_263' title='bbox 794 2612 839 2654; x_wconf 91' lang='lat' dir='ltr'><em>P</em></span> <span class='ocrx_word' id='word_1_264' title='bbox 880 2613 894 2666; x_wconf 78' lang='grc' dir='ltr'>Η</span> <span class='ocrx_word' id='word_1_265' title='bbox 943 2616 995 2653; x_wconf 86' lang='grc'><strong>16</strong></span> <span class='ocrx_word' id='word_1_266' title='bbox 1031 2608 1341 2653; x_wconf 84' lang='lat' dir='ltr'><strong>amminiculis</strong></span> <span class='ocrx_word' id='word_1_267' title='bbox 1374 2610 1422 2652; x_wconf 78' lang='lat' dir='ltr'><strong>ic</strong></span> <span class='ocrx_word' id='word_1_268' title='bbox 1465 2611 1470 2664; x_wconf 74' lang='grc' dir='ltr'>Ι</span> <span class='ocrx_word' id='word_1_269' title='bbox 1512 2621 1595 2664; x_wconf 87' lang='lat' dir='ltr'><strong>per</strong></span> <span class='ocrx_word' id='word_1_270' title='bbox 1625 2620 1793 2650; x_wconf 87' lang='lat' dir='ltr'><strong>uenam</strong></span> <span class='ocrx_word' id='word_1_271' title='bbox 1826 2606 1879 2660; x_wconf 81' lang='lat' dir='ltr'><strong>V,</strong></span> 
     </span>
     <span class='ocr_line' id='line_1_34' title="bbox 195 2664 1879 2727; baseline -0.004 -13"><span class='ocrx_word' id='word_1_272' title='bbox 195 2685 275 2714; x_wconf 82' lang='lat' dir='ltr'><strong>om.</strong></span> <span class='ocrx_word' id='word_1_273' title='bbox 305 2686 340 2727; x_wconf 71' lang='lat'><strong>1)</strong></span> <span class='ocrx_word' id='word_1_274' title='bbox 364 2674 378 2727; x_wconf 82' lang='grc' dir='ltr'><strong>ΙΙ</strong></span> <span class='ocrx_word' id='word_1_275' title='bbox 405 2675 458 2714; x_wconf 83' lang='grc'><strong>18</strong></span> <span class='ocrx_word' id='word_1_276' title='bbox 490 2670 656 2714; x_wconf 88' lang='lat' dir='ltr'><strong>melius</strong></span> <span class='ocrx_word' id='word_1_277' title='bbox 691 2685 773 2714; x_wconf 81' lang='lat' dir='ltr'><strong>om.</strong></span> <span class='ocrx_word' id='word_1_278' title='bbox 801 2686 836 2726; x_wconf 76' lang='lat' dir='ltr'><strong>p</strong></span> <span class='ocrx_word' id='word_1_279' title='bbox 871 2673 886 2726; x_wconf 84' lang='grc' dir='ltr'><strong>ΙΙ</strong></span> <span class='ocrx_word' id='word_1_280' title='bbox 928 2674 979 2712; x_wconf 82' lang='grc'><strong>19</strong></span> <span class='ocrx_word' id='word_1_281' title='bbox 1014 2669 1088 2712; x_wconf 89' lang='grc'>1131</span> <span class='ocrx_word' id='word_1_282' title='bbox 1122 2684 1204 2713; x_wconf 79' lang='lat' dir='ltr'><strong>om.</strong></span> <span class='ocrx_word' id='word_1_283' title='bbox 1236 2668 1277 2713; x_wconf 79' lang='lat' dir='ltr'><em>G</em></span> <span class='ocrx_word' id='word_1_284' title='bbox 1304 2672 1309 2722; x_wconf 88' lang='grc'><strong>1</strong></span> <span class='ocrx_word' id='word_1_285' title='bbox 1339 2670 1385 2711; x_wconf 86' lang='lat' dir='ltr'><strong>et</strong></span> <span class='ocrx_word' id='word_1_286' title='bbox 1417 2667 1499 2710; x_wconf 82' lang='lat' dir='ltr'><strong>alii</strong></span> <span class='ocrx_word' id='word_1_287' title='bbox 1531 2667 1635 2711; x_wconf 91' lang='lat' dir='ltr'><strong>LV</strong></span> <span class='ocrx_word' id='word_1_288' title='bbox 1668 2669 1682 2722; x_wconf 80' lang='grc' dir='ltr'>Η</span> <span class='ocrx_word' id='word_1_289' title='bbox 1722 2670 1777 2709; x_wconf 88' lang='grc'><strong>20</strong></span> <span class='ocrx_word' id='word_1_290' title='bbox 1809 2664 1879 2707; x_wconf 88' lang='grc'>111-</span> 
     </span>
     <span class='ocr_line' id='line_1_35' title="bbox 195 2722 1879 2787; baseline -0.003 -15"><span class='ocrx_word' id='word_1_291' title='bbox 195 2731 389 2773; x_wconf 76' lang='lat' dir='ltr'><strong>serenda</strong></span> <span class='ocrx_word' id='word_1_292' title='bbox 422 2745 509 2787; x_wconf 71' lang='lat' dir='ltr'><strong>cys</strong></span> <span class='ocrx_word' id='word_1_293' title='bbox 548 2733 562 2786; x_wconf 78' lang='grc'><strong>11</strong></span> <span class='ocrx_word' id='word_1_294' title='bbox 611 2735 662 2772; x_wconf 86' lang='grc'><strong>22</strong></span> <span class='ocrx_word' id='word_1_295' title='bbox 699 2731 946 2773; x_wconf 79' lang='lat' dir='ltr'><strong>conserunt</strong></span> <span class='ocrx_word' id='word_1_296' title='bbox 978 2730 1033 2772; x_wconf 76' lang='lat' dir='ltr'><strong>ia</strong></span> <span class='ocrx_word' id='word_1_297' title='bbox 1072 2732 1086 2785; x_wconf 83' lang='grc' dir='ltr'>Η</span> <span class='ocrx_word' id='word_1_298' title='bbox 1126 2734 1179 2771; x_wconf 87' lang='grc'>23</span> <span class='ocrx_word' id='word_1_299' title='bbox 1220 2727 1491 2784; x_wconf 87' lang='lat' dir='ltr'><strong>lanuginem</strong></span> <span class='ocrx_word' id='word_1_300' title='bbox 1531 2739 1713 2769; x_wconf 88' lang='lat' dir='ltr'><strong>omnem</strong></span> <span class='ocrx_word' id='word_1_301' title='bbox 1744 2722 1836 2768; x_wconf 91' lang='lat' dir='ltr'><strong>SE</strong></span> <span class='ocrx_word' id='word_1_302' title='bbox 1864 2724 1879 2782; x_wconf 73' lang='grc' dir='ltr'>Η</span> 
     </span>
     <span class='ocr_line' id='line_1_36' title="bbox 194 2784 1873 2845; baseline -0.003 -14"><span class='ocrx_word' id='word_1_303' title='bbox 194 2794 250 2831; x_wconf 85' lang='grc'><strong>24</strong></span> <span class='ocrx_word' id='word_1_304' title='bbox 284 2803 402 2844; x_wconf 81' lang='lat' dir='ltr'><strong>quae</strong></span> <span class='ocrx_word' id='word_1_305' title='bbox 436 2805 464 2833; x_wconf 83' lang='grc' dir='ltr'><strong>(ι</strong></span> <span class='ocrx_word' id='word_1_306' title='bbox 514 2791 519 2845; x_wconf 90' lang='grc' dir='ltr'>Ι</span> <span class='ocrx_word' id='word_1_307' title='bbox 570 2789 845 2832; x_wconf 81' lang='lat' dir='ltr'><strong>manifestat</strong></span> <span class='ocrx_word' id='word_1_308' title='bbox 876 2802 957 2832; x_wconf 85' lang='lat' dir='ltr'><strong>om.</strong></span> <span class='ocrx_word' id='word_1_309' title='bbox 987 2803 1020 2843; x_wconf 76' lang='lat' dir='ltr'><strong>p</strong></span> <span class='ocrx_word' id='word_1_310' title='bbox 1067 2791 1080 2843; x_wconf 79' lang='grc' dir='ltr'>Η</span> <span class='ocrx_word' id='word_1_311' title='bbox 1129 2793 1182 2831; x_wconf 73' lang='grc'><strong>25</strong></span> <span class='ocrx_word' id='word_1_312' title='bbox 1217 2787 1496 2830; x_wconf 85' lang='lat' dir='ltr'><strong>seruandum</strong></span> <span class='ocrx_word' id='word_1_313' title='bbox 1530 2787 1600 2829; x_wconf 90' lang='lat' dir='ltr'><strong>est</strong></span> <span class='ocrx_word' id='word_1_314' title='bbox 1637 2785 1834 2840; x_wconf 75' lang='lat' dir='ltr'><strong>Tiacys</strong></span> <span class='ocrx_word' id='word_1_315' title='bbox 1869 2784 1873 2841; x_wconf 89' lang='grc' dir='ltr'>Ι</span> 
     </span>
     <span class='ocr_line' id='line_1_37' title="bbox 195 2842 1878 2905; baseline -0.003 -14"><span class='ocrx_word' id='word_1_316' title='bbox 195 2848 468 2904; x_wconf 78' lang='lat' dir='ltr'><strong>germinatis</strong></span> <span class='ocrx_word' id='word_1_317' title='bbox 502 2850 570 2902; x_wconf 86' lang='grc' dir='ltr'><strong>Ε,</strong></span> <span class='ocrx_word' id='word_1_318' title='bbox 605 2848 856 2905; x_wconf 75' lang='lat' dir='ltr'><strong>gummatis</strong></span> <span class='ocrx_word' id='word_1_319' title='bbox 891 2848 1091 2904; x_wconf 52' lang='lat' dir='ltr'><strong>FacyS,</strong></span> <span class='ocrx_word' id='word_1_320' title='bbox 1134 2846 1336 2904; x_wconf 79' lang='lat' dir='ltr'><strong>gumatis</strong></span> <span class='ocrx_word' id='word_1_321' title='bbox 1373 2847 1387 2888; x_wconf 82' lang='grc' dir='ltr'><strong>ι’</strong></span> <span class='ocrx_word' id='word_1_322' title='bbox 1426 2847 1440 2901; x_wconf 81' lang='grc' dir='ltr'><strong>ΙΙ</strong></span> <span class='ocrx_word' id='word_1_323' title='bbox 1488 2850 1541 2888; x_wconf 84' lang='grc'><strong>26</strong></span> <span class='ocrx_word' id='word_1_324' title='bbox 1573 2843 1646 2886; x_wconf 85' lang='lat' dir='ltr'><strong>his</strong></span> <span class='ocrx_word' id='word_1_325' title='bbox 1678 2842 1754 2885; x_wconf 90' lang='lat' dir='ltr'><strong>uel</strong></span> <span class='ocrx_word' id='word_1_326' title='bbox 1785 2856 1878 2886; x_wconf 90' lang='lat' dir='ltr'><strong>non</strong></span> 
     </span>
     <span class='ocr_line' id='line_1_38' title="bbox 195 2902 1879 2965; baseline -0.004 -15"><span class='ocrx_word' id='word_1_327' title='bbox 195 2911 264 2950; x_wconf 68' lang='lat' dir='ltr'><strong>est</strong></span> <span class='ocrx_word' id='word_1_328' title='bbox 290 2907 363 2951; x_wconf 87' lang='lat' dir='ltr'><strong>uel</strong></span> <span class='ocrx_word' id='word_1_329' title='bbox 383 2922 512 2964; x_wconf 75' lang='lat' dir='ltr'><strong>om.p</strong></span> <span class='ocrx_word' id='word_1_330' title='bbox 537 2912 550 2964; x_wconf 83' lang='grc' dir='ltr'><strong>Ι]</strong></span> <span class='ocrx_word' id='word_1_331' title='bbox 577 2913 628 2951; x_wconf 82' lang='grc'><strong>27</strong></span> <span class='ocrx_word' id='word_1_332' title='bbox 657 2921 826 2965; x_wconf 83' lang='lat' dir='ltr'><strong>gumen</strong></span> <span class='ocrx_word' id='word_1_333' title='bbox 848 2909 874 2962; x_wconf 78' lang='grc' dir='ltr'><strong>ι’,</strong></span> <span class='ocrx_word' id='word_1_334' title='bbox 901 2920 1088 2963; x_wconf 78' lang='lat' dir='ltr'><strong>germen</strong></span> <span class='ocrx_word' id='word_1_335' title='bbox 1107 2908 1166 2962; x_wconf 84' lang='lat' dir='ltr'><strong>E,</strong></span> <span class='ocrx_word' id='word_1_336' title='bbox 1194 2919 1382 2963; x_wconf 85' lang='lat' dir='ltr'><strong>gumma</strong></span> <span class='ocrx_word' id='word_1_337' title='bbox 1400 2919 1525 2962; x_wconf 73' lang='grc'>(1393</span> <span class='ocrx_word' id='word_1_338' title='bbox 1553 2905 1558 2960; x_wconf 85' lang='grc' dir='ltr'>Ι</span> <span class='ocrx_word' id='word_1_339' title='bbox 1587 2902 1804 2947; x_wconf 82' lang='lat' dir='ltr'><strong>Cerassus</strong></span> <span class='ocrx_word' id='word_1_340' title='bbox 1822 2902 1879 2957; x_wconf 89' lang='lat' dir='ltr'><strong>P,</strong></span> 
     </span>
     <span class='ocr_line' id='line_1_39' title="bbox 195 2966 433 3010; baseline 0 0"><span class='ocrx_word' id='word_1_341' title='bbox 195 2966 364 3010; x_wconf 75' lang='lat' dir='ltr'><strong>cerasis</strong></span> <span class='ocrx_word' id='word_1_342' title='bbox 399 2967 433 3010; x_wconf 83' lang='lat' dir='ltr'><strong><em>S</em></strong></span> 
     </span>
    </p>
   </div>
   <div class='ocr_carea' id='block_1_4' title="bbox 1897 971 1941 1002">
    <p class='ocr_par' dir='ltr' id='par_1_4' title="bbox 1897 971 1941 1002">
     <span class='ocr_line' id='line_1_40' title="bbox 1897 971 1941 1002; baseline 0 0"><span class='ocrx_word' id='word_1_343' title='bbox 1897 971 1941 1002; x_wconf 88' lang='grc'><strong>10</strong></span> 
     </span>
    </p>
   </div>
   <div class='ocr_carea' id='block_1_5' title="bbox 1899 1341 1943 1373">
    <p class='ocr_par' dir='ltr' id='par_1_5' title="bbox 1899 1341 1943 1373">
     <span class='ocr_line' id='line_1_41' title="bbox 1899 1341 1943 1373; baseline 0.023 -1"><span class='ocrx_word' id='word_1_344' title='bbox 1899 1341 1943 1373; x_wconf 83' lang='grc'><strong>15</strong></span> 
     </span>
    </p>
   </div>
   <div class='ocr_carea' id='block_1_6' title="bbox 1901 1711 1945 1743">
    <p class='ocr_par' dir='ltr' id='par_1_6' title="bbox 1901 1711 1945 1743">
     <span class='ocr_line' id='line_1_42' title="bbox 1901 1711 1945 1743; baseline 0.023 -1"><span class='ocrx_word' id='word_1_345' title='bbox 1901 1711 1945 1743; x_wconf 85' lang='grc'><strong>20</strong></span> 
     </span>
    </p>
   </div>
   <div class='ocr_carea' id='block_1_7' title="bbox 1901 2082 1946 2114">
    <p class='ocr_par' dir='ltr' id='par_1_7' title="bbox 1901 2082 1946 2114">
     <span class='ocr_line' id='line_1_43' title="bbox 1901 2082 1946 2114; baseline 0 0"><span class='ocrx_word' id='word_1_346' title='bbox 1901 2082 1946 2114; x_wconf 81' lang='lat'><strong>25</strong></span> 
     </span>
    </p>
   </div>
  </div>
 </body>
</html>
