2014 3169
848 146 1190 191 PRAEFATIO
1800 150 1868 193 XI

177 277 267 339 est,
306 276 457 336 atque
488 273 638 321 huius
662 273 777 320 libri
809 272 1134 321 Schneiderus
1168 273 1355 321 adtulit
1384 275 1572 322 multas
1603 274 1854 339 lectiones,

179 365 307 411 quae
345 350 540 395 textum
578 347 794 395 Palladii
833 363 862 394 a
893 347 1156 394 Vincentio
1197 348 1402 409 insuper
1438 350 1770 396 retractatum
1808 351 1861 397 et

180 422 499 472 emendatum
536 437 640 469 esse
680 421 869 469 docent.

289 497 365 544 Ex
403 496 551 543 tertio
593 496 762 543 autern
801 494 1026 542 codicum
1065 511 1242 558 genere
1276 495 1516 543 editiones
1554 498 1573 543 i
1610 496 1641 542 i.
1683 512 1723 544 e.
1754 496 1864 544 Ien-

181 570 457 632 sonianam,
498 585 530 616 α
567 570 599 616 i.
641 586 678 618 e.
713 568 967 631 Aldinam,
1015 584 1039 616 c
1077 569 1110 617 i.
1150 585 1188 616 e.
1231 567 1694 634 Commelinianam,
1743 585 1865 632 qua-

178 661 291 692 rum
327 643 564 691 lectiones
602 643 708 705 ipse
749 643 981 706 excerpsi,
1020 643 1219 690 fluxisse
1261 646 1469 690 constat.

288 717 568 781 Lectiones,
621 732 745 779 quas
793 717 998 778 praebet
1041 733 1077 777 p
1124 717 1155 765 i.
1198 733 1236 764 e.
1277 717 1582 781 Politianus,
1635 718 1860 766 efficiunt

180 794 270 840 aut
308 792 499 839 codices
541 785 936 857 (Florentinos),
986 807 1044 838 ex
1090 791 1272 853 quibus
1318 791 1509 853 hausit,
1556 792 1658 838 iam
1707 792 1861 840 inter-

178 867 374 928 polatos
424 866 578 913 fuisse
629 867 719 912 aut
759 865 819 911 ab
871 865 957 912 illo
1009 865 1116 926 ipso
1168 865 1326 913 factas
1374 881 1478 913 esse
1524 866 1859 914 coniecturas:

178 941 351 1001 itaque
401 940 590 987 codices
634 938 873 987 Politiani
918 939 970 985 in
1018 942 1196 1000 quarto
1246 956 1423 1002 genere
1470 939 1705 987 videntur
1754 955 1859 988 esse

179 1013 486 1062 numerandi.
538 1014 628 1061 has
659 1013 895 1061 lectiones
928 1029 986 1060 ex
1019 1013 1320 1060 editionibus
1348 1013 1553 1062 Gesneri
1585 1016 1636 1062 et
1661 1014 1862 1062 Schnei-

182 1088 284 1136 deri
323 1088 464 1137 addo.

291 1162 401 1208 Iam
437 1164 635 1209 transeo
677 1161 740 1208 ad
780 1176 861 1209 eos
901 1161 1104 1224 codices,
1146 1161 1233 1222 qui
1263 1162 1480 1209 Palladii
1518 1162 1703 1209 librum
1738 1161 1866 1210 deci-

181 1253 320 1284 mum
358 1238 595 1297 quartum
635 1235 737 1283 sive
775 1235 1038 1282 metricum
1077 1236 1343 1283 continent.

295 1309 473 1357 Omnes
512 1310 588 1356 illi
626 1325 779 1356 manu
819 1309 1011 1372 scripti,
1053 1325 1177 1370 quos
1218 1325 1370 1371 supra
1407 1310 1642 1373 tractavi,
1682 1310 1864 1357 librum

179 1384 442 1432 metricum
466 1399 565 1430 non
587 1383 828 1444 praebent
850 1384 1048 1444 praeter
1065 1383 1112 1429 A
1137 1383 1168 1431 i.
1195 1400 1234 1431 e.
1251 1383 1685 1432 Vindobonensem
1704 1386 1862 1448 3198,

180 1458 238 1506 de
280 1473 378 1520 quo
420 1473 548 1520 quae
587 1457 683 1504 huc
721 1457 988 1520 pertinent,
1029 1457 1131 1504 iam
1168 1458 1221 1504 in
1260 1458 1481 1505 medium
1518 1458 1721 1520 protuli.

291 1531 430 1579 Idem
466 1531 592 1579 liber
627 1532 863 1579 metricus
904 1531 1188 1580 continetur
1233 1532 1398 1580 codice
1439 1533 1487 1579 B
1527 1532 1558 1579 i.
1600 1549 1639 1581 e.
1678 1532 1867 1580 Vindo-

179 1606 386 1654 bonensi
417 1608 520 1653 477
530 1608 574 1668 2,
617 1622 765 1666 quem
795 1600 1153 1653 Endlicherus1
1191 1606 1282 1654 sub
1319 1622 1523 1654 numero
1558 1605 1865 1654 OOLXXXV

180 1680 374 1728 inducit
405 1680 733 1743 chartaceum,
774 1680 961 1727 saeculi
991 1679 1110 1726 XVI
1146 1680 1380 1743 ineuntis,
1421 1681 1730 1728 diversarum
1763 1697 1867 1728 ma-

180 1770 357 1817 nuum,
404 1754 640 1802 foliorum
679 1756 809 1817 377,
855 1754 1061 1802 minoris
1099 1754 1288 1802 formae
1330 1754 1593 1818 oblongae,
1642 1770 1756 1802 cum
1793 1755 1867 1802 in-

183 1828 448 1889 scriptione
488 1828 754 1875 Palladii
802 1827 1031 1875 Rutilii
1080 1829 1263 1875 Tauri
1313 1829 1603 1876 Emiliani
1655 1829 1720 1876 de
1771 1829 1867 1876 In-

183 1902 403 1949 sitione
467 1901 745 1949 arborum
806 1917 1038 1950 carmen
1101 1902 1172 1949 ad
1231 1903 1610 1964 Pasiphilum
1671 1903 1868 1951 virum

184 1975 624 2038 doctissimum,
703 1975 836 2037 quod
905 1992 994 2039 ego
1057 1976 1379 2025 Vindobonae
1449 1992 1615 2025 mense
1683 1977 1864 2025 martio

183 2049 301 2097 anni
329 2051 466 2098 1875
502 2050 713 2098 contuli:
755 2053 905 2111 atque
938 2051 980 2097 is
1011 2050 1142 2098 inter
1171 2051 1328 2098 lineas
1360 2067 1565 2098 manum
1598 2051 1868 2099 secundam

181 2123 332 2171 habet
372 2125 421 2171 et
459 2124 671 2185 epistola
711 2124 774 2170 ad
813 2124 1126 2185 Pasiphilum
1165 2124 1267 2173 sive
1307 2125 1560 2173 Praefatio
1602 2125 1753 2173 deest.

294 2196 458 2245 Codex
498 2197 540 2245 G
574 2198 604 2247 i.
646 2215 685 2247 6.
725 2198 1043 2246 Florentinus
1091 2199 1194 2247 sive
1239 2199 1610 2247 Laurentianus
1650 2202 1736 2263 47,
1781 2202 1862 2263 24,

181 2271 606 2335 membranaceus,
646 2288 800 2319 manu
839 2272 1073 2336 scriptus,
1130 2274 1316 2321 saeculi
1355 2273 1468 2337 XV,
1519 2274 1756 2322 foliorum
1794 2274 1868 2320 in-

184 2345 482 2406 scriptorum
524 2348 648 2409 141,
695 2346 899 2394 minoris
937 2347 1126 2395 formae
1165 2364 1322 2408 paene
1363 2348 1659 2411 quadratae,
1697 2350 1867 2395 totum

182 2419 398 2466 Palladii
422 2435 546 2481 opus
571 2436 683 2467 cum
713 2420 839 2468 libro
871 2421 1076 2469 metrico
1110 2422 1470 2483 complectitur.
1526 2422 1666 2469 tertii
1697 2424 1868 2469 autem

185 2493 390 2556 generis,
431 2493 488 2541 de
531 2511 628 2555 quo
671 2510 821 2556 supra
861 2495 1084 2558 disserui,
1127 2511 1230 2543 esse
1269 2495 1487 2558 videtur,
1529 2512 1643 2543 cum
1680 2496 1868 2557 priores

183 2566 319 2630 libri,
376 2567 508 2628 quod
558 2568 894 2633 cognoverim,
949 2570 1134 2617 multas
1183 2569 1592 2631 interpolationes
1646 2586 1765 2631 prae
1817 2585 1868 2618 se

183 2641 361 2688 ferant.
450 2644 708 2702 praeterea
768 2642 848 2690 hic
902 2643 1054 2691 codex
1115 2644 1283 2705 plures
1343 2644 1522 2691 lituras
1584 2644 1737 2692 habet
1794 2646 1869 2691 at-

185 2731 280 2777 que
335 2715 533 2776 pictura
593 2716 644 2773 in
707 2716 950 2778 principio
1011 2720 1061 2765 et
1119 2717 1397 2765 initialibus
1454 2717 1637 2765 litteris
1700 2718 1867 2781 singu-

183 2788 347 2836 lorum
399 2788 640 2837 librorum
686 2791 875 2838 auratis
929 2791 1175 2853 pictisque
1230 2792 1503 2840 instructus
1552 2795 1639 2839 est.
1726 2792 1869 2840 cuius

307 2948 329 2986 1
362 2943 615 3002 Catalogus
649 2947 735 2990 etc.
760 2945 963 2990 Vindob.
999 2950 1127 2992 1836.
