2014 3169
153 168 217 213 IV
823 162 1163 208 PRAEFATIO

264 293 332 339 Et
371 292 429 340 de
461 290 600 339 libris
631 305 785 338 manu
817 289 1028 353 scriptiS,
1069 304 1192 350 quos
1226 305 1275 337 se
1308 303 1600 351 conparasse
1632 287 1829 336 Bastia·

152 382 246 415 nus
299 367 474 414 auctor
521 364 759 413 versionis
803 363 1021 414 Palladii
1069 362 1275 411 Italicae
1315 354 1618 428 (Florentiae
1661 355 1827 428 1605)

155 432 430 503 311111111311,
461 439 587 486 nihil
618 437 833 499 amplius
866 438 1082 485 constat:
1124 437 1330 485 fortasse
1360 435 1511 484 iidem
1541 438 1672 500 sunt,
1705 450 1829 497 quos

150 514 430 563 Politianus
471 513 534 561 ad
573 511 935 575 Castigationes
976 525 1090 558 suas
1130 509 1372 559 adhibuit.

267 587 316 635 C.
357 586 596 634 Barthius
637 587 806 633 autem
851 599 973 632 usus
1020 583 1183 632 codice
1233 599 1387 631 manu
1441 583 1623 646 scripto
1670 583 1832 631 multa

152 662 265 709 inde
307 660 370 708 ad
407 659 692 707 Palladium
732 650 1020 707 adnotavit2
1057 658 1110 705 in
1149 673 1294 719 opere
1335 672 1449 721 suo,
1490 657 1625 719 quod
1660 656 1832 706 inscri-

152 735 291 783 bitur
327 734 626 783 Adversaria
674 726 1022 799 (Francofurti
1073 725 1267 797 1624);
1319 731 1403 779 5οᾶ
1453 731 1512 779 de
1563 747 1619 780 eo
1667 730 1832 780 codice

153 825 314 871 neque
371 808 476 871 ipse
536 808 813 870 quidquam
870 806 1275 855 commemoravit
1330 821 1492 867 neque
1550 805 1679 853 alius
1737 804 1835 853 nisi

155 883 415 945 Gesnerus,
457 882 545 945 qui
577 898 606 929 a
637 880 962 945 Lugdunensi
992 880 1138 927 illum
1170 879 1420 929 diversum
1452 895 1556 928 esse
1588 878 1832 928 censebat.

263 956 453 1004 Deinde
504 956 543 1003 I.
590 956 643 1004 F.
694 954 972 1003 Gronovius
1024 954 1241 1002 codicem
1296 953 1514 1001 Palladii
1562 953 1834 1018 Lugduno-

150 1032 373 1079 Batavae
413 1045 578 1078 mense
626 1031 842 1092 augusto
892 1028 1010 1076 anni
1053 1030 1192 1077 1638
1234 1027 1449 1076 0011111111
1494 1027 1700 1090 eiusque
1738 1027 1834 1076 lec-

150 1105 311 1153 tiones
350 1103 567 1168 margini
606 1103 837 1151 editionis
878 1101 1296 1150 Commelinianae
1328 1102 1445 1149 Abr.
1481 1100 1718 1151 Gronovii
1748 1101 1833 1149 ad-

151 1171 401 1241 scripsit3:
439 1178 519 1226 hic
559 1179 730 1225 autem
768 1176 919 1225 codex
959 1179 1121 1224 exstat
1151 1176 1645 1240 Lugduno-Batavae
1684 1176 1738 1223 in
1775 1191 1836 1224 ea

151 1252 493 1302 universitatis
544 1252 871 1299 bibliothecae
925 1253 1088 1314 parte,
1149 1266 1275 1312 quae
1326 1252 1536 1298 vocatur
1587 1243 1835 1314 publica4,

153 1327 244 1374 sub
283 1343 487 1374 numero
535 1328 649 1374 102.
730 1325 880 1374 codex
926 1327 1001 1373 est
1045 1323 1472 1387 membranaceus,
1519 1340 1673 1372 manu
1719 1324 1836 1372 scri-

150 1403 282 1464 ptus,
323 1400 510 1466 saeculi
549 1401 606 1463 X,
646 1399 852 1448 minoris
891 1399 1079 1447 formae
1120 1398 1362 1462 oblongae
1404 1391 1588 1463 (26><
1611 1401 1676 1446 17
1719 1391 1835 1462 0111),

151 1475 387 1523 foliorum
430 1477 556 1538 134,
605 1490 840 1522 versuum
882 1474 970 1537 30,
1019 1473 1293 1534 scripturae
1339 1472 1642 1537 inaequalis,
1688 1472 1834 1522 modo

151 1549 438 1597 minutioris
476 1548 621 1597 modo
662 1547 961 1612 grandioris,
1008 1547 1154 1595 modo
1201 1546 1420 1609 pallidae
1466 1547 1611 1595 modo
1652 1546 1835 1611 fuscae,

155 1625 206 1671 et
243 1626 442 1685 praeter
479 1622 697 1670 Palladii
737 1637 862 1684 opus
903 1621 1124 1670 continet
1154 1621 1442 1669 Passionem
1476 1621 1523 1668 S.
1556 1619 1835 1669 Christinae

152 1699 203 1745 et
234 1697 406 1745 Vitam
446 1696 493 1745 S.
535 1696 763 1745 Servatii.
843 1696 962 1744 olim
1006 1695 1106 1742 fuit
1151 1695 1203 1742 in
1249 1694 1550 1744 bibliotheca
1588 1694 1834 1744 Abbatiae

150 1771 526 1835 Egmundanae.
614 1771 720 1833 ipse
790 1786 904 1818 eum
965 1769 1156 1818 contuli
1208 1768 1523 1833 Wirceburgi
1583 1769 1835 1818 mensibus

150 1845 407 1894 novembri
447 1847 497 1894 et
536 1844 781 1893 decembri
823 1846 962 1893 1888
1005 1846 1055 1892 et
1092 1843 1319 1891 ianuario
1363 1845 1520 1892 1889.

265 1918 537 1968 Vossianus
570 1921 740 1967 autem
772 1919 935 1981 codex,
973 1918 1112 1966 cuius
1145 1917 1382 1966 lectiones
1415 1917 1476 1965 ab
1508 1917 1545 1966 I.
1578 1917 1834 1966 Perizonio

153 1996 407 2055 excerptas
449 1993 625 2041 Christ.
661 1992 1040 2056 Schoettgem'us
1081 1984 1352 2055 adhibuit5,
1392 1991 1523 2040 idem
1562 2007 1665 2040 esse
1697 1991 1836 2041 vide-

152 2071 250 2130 tur,
293 2084 441 2129 quem
478 2067 516 2115 Ι.
549 2067 627 2114 Fr.
664 2066 944 2115 Gronovius
984 2066 1212 2130 contulit,
1254 2065 1373 2128 quia
1411 2065 1835 2130 Lugduno-Bata-

151 2157 242 2189 vae
293 2141 345 2189 in
393 2157 449 2189 ea
495 2141 837 2189 universitatis
884 2140 1210 2188 bibliothecae
1257 2142 1421 2203 parte,
1478 2155 1605 2202 quae
1652 2139 1837 2188 dicitur

153 2215 412 2279 Vossiana,
452 2216 622 2262 nullus
654 2215 869 2262 Palladii
901 2214 1025 2263 liber
1056 2229 1208 2261 manu
1240 2214 1455 2276 scriptus
1489 2208 1836 2262 adservatur⁶z

151 2289 452 2337 Vossianum
491 2289 649 2353 igitur
687 2305 959 2353 cognomen
1006 2304 1168 2336 errore
1217 2288 1435 2350 quodam
1472 2287 1717 2337 Perizonii
1756 2306 1836 2338 ex-

155 2367 320 2411 ortum
360 2380 463 2412 esse
503 2363 738 2425 suspicor.
818 2363 952 2425 quod
991 2365 1161 2410 autem
1202 2362 1529 2411 Schneiderus
1569 2362 1834 2428 dubitavit,

277 2554 299 2591 1
336 2547 605 2592 Schneideri
651 2550 761 2592 tom.
794 2549 857 2591 ΠΙ
887 2547 1030 2604 praef.
1064 2548 1138 2592 IX.
1172 2574 1229 2581 -
1262 2552 1287 2590 2
1329 2546 1521 2591 Gesneri
1559 2547 1703 2604 praef.
1736 2547 1834 2603 XV,

159 2606 430 2651 Schneideri
454 2611 565 2653 tom.
582 2608 647 2651 ΠΙ
669 2607 815 2664 praef.
834 2607 931 2652 VII.
952 2634 1006 2639 -
1026 2612 1050 2650 3
1072 2606 1342 2650 Schneideri
1366 2608 1476 2650 tom.
1494 2607 1558 2650 ΙΠ
1573 2607 1718 2664 praef.
1736 2607 1834 2651 VH.

156 2692 213 2698 ——
245 2671 272 2708 4
305 2666 556 2725 Catalogus
587 2667 813 2711 librorum
844 2669 943 2710 tam
974 2666 1302 2723 impressorum
1334 2679 1475 2721 quam
1498 2665 1837 2723 manuscripto-

155 2740 257 2767 rum
288 2726 609 2770 Bibliothecae
640 2725 968 2770 Universitatis
993 2725 1449 2782 Lugduno-Batavae
1475 2740 1585 2769 cura
1617 2727 1665 2769 et
1695 2738 1837 2782 opera

158 2783 228 2827 W.
264 2784 557 2842 Senguerdii,
603 2786 693 2829 Iac.
729 2784 947 2829 Gronovii
987 2787 1034 2828 et
1071 2785 1104 2828 Ι.
1136 2783 1405 2840 Heymanii,
1453 2783 1670 2842 Lugduni
1711 2784 1836 2841 apud

155 2843 355 2887 Batavos
383 2850 511 2899 1716,
542 2861 585 2902 p.
605 2851 705 2901 329,
737 2860 861 2888 num.
882 2849 979 2887 102.
1004 2871 1062 2876 —-
1088 2849 1111 2887 5
1139 2843 1328 2887 Gesneri
1352 2843 1495 2900 praef.
1514 2844 1611 2900 XV,
1646 2841 1835 2888 Schnei-

157 2901 258 2945 deri
300 2904 410 2947 tom.
443 2904 506 2946 III
547 2905 691 2961 praef.
726 2904 823 2948 VII.
858 2930 914 2936 —
955 2909 980 2946 6
1025 2902 1089 2947 Cf.
1125 2902 1376 2959 Catalogus
1420 2902 1524 2947 libr.
1556 2905 1589 2946 t.
1622 2901 1756 2959 impr.
1790 2917 1833 2959 q.

154 2975 236 3005 1115.
274 2960 392 3007 Bibl.
425 2962 557 3009 Univ.
591 2963 925 3021 Lugd.-Batav.
961 2977 994 3007 5.
1028 2963 1057 3007 l.
