2014 3169
143 142 189 185 X
811 138 1152 182 PRAEFATIO

156 268 434 329 chartacea,
474 281 602 313 anno
637 263 822 311 Christi
856 266 996 311 1414
1038 266 1253 326 exarata,
1291 264 1531 313 Varronis
1563 265 1622 312 de
1662 265 1835 314 eodem

152 343 448 404 argumento
495 339 678 386 librum
731 338 940 385 tertium
986 338 1320 399 amplectitur.
1396 338 1450 385 in
1494 339 1586 386 hoc
1634 339 1833 400 quidem

150 415 316 462 codice
356 413 571 460 Palladii
609 428 709 460 uno
741 412 885 459 tituli
916 414 1032 459 ante
1065 411 1264 474 singula
1302 412 1469 473 capita
1502 412 1671 460 omissi
1702 415 1832 463 sunt.

147 488 279 535 inest
319 490 487 534 autern
525 501 704 533 manus
745 486 959 533 secunda
999 501 1056 532 ac
1085 486 1254 546 plures
1292 486 1618 534 inveniuntur
1647 502 1833 535 correc-

152 564 297 609 turae
339 563 489 621 atque
529 560 955 621 interpolationes,
997 575 1121 620 quas
1161 559 1311 608 codex
1350 559 1388 606 S
1421 576 1522 608 non
1557 560 1720 608 habet.

262 635 353 682 Est
378 634 591 694 denique
622 634 675 680 in
709 633 880 681 eodem
911 649 1087 695 genere
1119 633 1454 681 numerandus
1487 634 1637 682 codex
1659 635 1712 681 F
1736 634 1768 681 i.
1794 651 1833 682 6.

147 708 470 756 Florentinus
518 708 620 755 sive
666 707 1036 755 Laurentianus
1083 709 1175 770 47,
1207 697 1356 771 ι433,
1414 707 1833 771 membranaceus,

151 798 306 829 manu
357 782 594 845 scriptus,
646 781 832 829 saeculi
875 780 1018 844 XIII,
1069 781 1304 829 foliorum
1349 781 1701 843 inscriptorum
1749 785 1835 845 57,

149 856 495 903 columnarum
547 858 600 918 2,
654 870 889 903 versuum
943 857 1038 918 36,
1092 855 1279 903 formae
1332 871 1488 917 paene
1546 856 1834 919 quadratae,

151 946 300 991 quem
338 929 623 978 Florentiae
662 945 828 977 mense
869 929 1016 990 aprili
1063 929 1181 975 anni
1223 931 1362 978 1875
1412 929 1614 977 contuli.
1692 930 1835 978 cuius

147 1004 390 1065 postremi
443 1003 553 1051 folii
604 1003 851 1064 scriptura
896 1002 970 1049 ita
1019 1002 1245 1066 evanuit,
1296 1005 1356 1050 ut
1394 1004 1478 1052 vix
1523 1004 1624 1066 legi
1661 1004 1834 1066 possit.

147 1080 299 1139 atque
338 1078 513 1124 insunt
550 1077 741 1124 multae
779 1076 1205 1138 interpolationes.

260 1151 509 1208 Quartum
548 1167 705 1214 genus
753 1153 828 1198 est
873 1151 946 1213 id,
999 1150 1140 1198 cuius
1192 1151 1382 1199 codices
1432 1151 1636 1199 licentia
1682 1153 1836 1213 atque

147 1225 621 1287 interpolationibus
662 1227 867 1272 scatent.

258 1299 318 1346 In
358 1316 414 1348 eo
454 1315 660 1347 numero
703 1302 777 1347 est
816 1299 967 1347 codex
997 1298 1275 1346 Vaticanus
1317 1301 1482 1362 2193,
1529 1299 1838 1348 membrana-

147 1388 285 1436 ceuS,
335 1390 489 1421 manu
530 1374 764 1436 scriptus,
814 1373 1000 1421 saeculi
1037 1373 1149 1435 XV,
1197 1372 1433 1420 foliorum
1475 1376 1601 1437 156,
1650 1374 1836 1422 colum-

143 1463 323 1494 narum
359 1450 405 1510 2,
444 1446 682 1495 'versuum
715 1449 798 1509 52,
838 1462 1049 1510 magnae
1089 1447 1276 1495 formae
1310 1446 1565 1510 oblongae,
1607 1464 1704 1509 quo
1737 1464 1837 1495 non

149 1522 312 1569 solum
351 1522 617 1568 Palladii
659 1521 724 1569 de
763 1521 1108 1583 praeceptis
1155 1521 1242 1568 rei
1287 1521 1554 1569 rusticae
1604 1523 1730 1570 siue
1770 1522 1836 1570 de

150 1596 537 1659 agricultura
561 1595 705 1642 libri
729 1595 1017 1643 tredecim
1043 1596 1126 1643 sed
1159 1595 1310 1642 etiam
1335 1595 1435 1642 alia
1460 1611 1616 1657 eaque
1641 1596 1838 1644 diversa

147 1670 480 1733 continentur,
520 1673 580 1717 ut
610 1669 754 1717 Lucii
778 1669 983 1731 Apuleji
1006 1669 1349 1716 Madaurensis
1381 1670 1454 1717 De
1495 1670 1584 1718 deo
1619 1669 1837 1718 Socratis

151 1744 368 1807 aliaque,
409 1743 658 1792 Ciceronis
685 1742 949 1791 Orationes
981 1760 1068 1805 pro
1102 1744 1166 1790 M.
1198 1743 1431 1791 Marcello
1466 1746 1514 1791 et
1540 1743 1593 1800 Q.
1618 1744 1836 1808 Ligario,

144 1817 267 1864 Iulii
289 1812 519 1866 Frontini
553 1818 957 1880 Strategematon
988 1817 1103 1865 libri
1127 1818 1211 1880 IV,
1243 1817 1407 1865 Flavii
1430 1818 1631 1880 Vegetii
1661 1818 1836 1879 Epito—

150 1907 256 1939 mes
287 1892 361 1939 rei
391 1892 624 1940 militaris
656 1891 771 1938 libri
802 1892 862 1947 V,
895 1891 1147 1953 Anonymi
1187 1891 1556 1940 observationes
1591 1891 1835 1953 quaedam

151 1981 301 2027 super
340 1966 664 2029 agricultura.
721 1981 777 2013 ac
816 1965 1072 2013 Palladius
1113 1965 1313 2028 quidem
1348 1965 1524 2027 incipit
1557 1982 1585 2013 a
1617 1966 1701 2014 fol.
1731 1967 1834 2014 118

145 2055 260 2103 pag.
291 2042 320 2086 2
355 2040 444 2087 col.
474 2043 501 2087 2
539 2042 588 2087 et
619 2040 919 2088 terminatur
949 2040 1032 2087 fol.
1063 2042 1167 2089 150
1199 2055 1312 2103 pag.
1349 2041 1375 2086 1
1413 2040 1501 2088 col.
1537 2043 1582 2088 2.
1616 2040 1838 2088 initiales

148 2114 349 2161 litterae
375 2114 687 2177 singulorum
711 2114 925 2161 Palladii
956 2113 1199 2162 librorum
1230 2130 1350 2161 auro
1385 2116 1536 2175 atque
1567 2114 1704 2161 intus
1735 2113 1836 2175 pic-

152 2187 281 2234 turis
309 2190 512 2235 ornatae
547 2192 678 2237 sunt.
732 2188 882 2234 huius
916 2187 1097 2235 codicis
1131 2203 1235 2235 eam
1268 2190 1478 2250 partem,
1511 2203 1639 2250 quae
1671 2187 1837 2235 Palla-

151 2262 293 2308 dium
333 2262 678 2324 conplectitur,
720 2262 782 2308 ad
821 2262 1030 2309 eundem
1070 2261 1266 2324 librum,
1308 2278 1364 2309 ex
1398 2278 1494 2322 quo
1535 2261 1725 2310 codices
1764 2277 1837 2310 se·

152 2336 302 2383 cundi
342 2339 392 2383 et
423 2336 560 2383 tertii
593 2336 785 2399 generis
811 2336 1053 2400 originem
1084 2336 1342 2399 traxerint,
1379 2336 1707 2383 reducendam
1732 2351 1837 2384 esse

150 2427 209 2458 ex
238 2410 466 2471 pluribus
506 2410 627 2458 locis
668 2412 890 2472 apparet.
970 2410 1055 2457 sed
1095 2410 1228 2470 quod
1273 2410 1398 2457 nihil
1443 2410 1682 2458 momenti
1719 2410 1837 2458 huic

150 2484 306 2531 codici
329 2484 516 2532 Romae
540 2499 706 2532 mense
734 2484 881 2546 aprili
907 2484 1023 2530 anni
1053 2486 1190 2533 1875
1228 2484 1398 2544 aliqua
1431 2500 1488 2531 ex
1518 2486 1659 2545 parte
1697 2499 1726 2531 a
1757 2501 1838 2531 me

154 2558 353 2606 conlato
394 2558 759 2606 concedendum
800 2573 903 2606 esse
944 2573 1131 2620 censeo,
1170 2558 1408 2606 lectiones
1449 2558 1554 2605 eius
1593 2559 1645 2606 in
1685 2573 1838 2620 appa-

149 2634 320 2679 ratum
359 2633 586 2680 criticum
619 2633 838 2694 proferre
879 2647 1303 2694 supervacaneum
1335 2647 1438 2680 esse
1469 2632 1593 2679 mihi
1623 2632 1837 2680 videtur.

261 2706 499 2754 Eiusdem
554 2707 747 2770 generis
804 2722 917 2753 eum
969 2722 1168 2768 quoque
1218 2707 1371 2754 fuisse
1425 2710 1549 2767 puto
1603 2705 1837 2769 codicem,

155 2795 257 2840 quo
283 2780 578 2828 Vincentius
611 2781 661 2827 in
689 2780 898 2842 Speculo
933 2795 1020 2828 suo
1054 2780 1275 2828 naturali
1305 2773 1685 2828 conscribendo1
1714 2793 1837 2828 usus

273 2940 295 2977 1
334 2934 606 2979 Schneidcri
637 2938 747 2979 tom.
779 2935 843 2978 III
874 2934 1018 2992 praef.
1052 2935 1105 2979 X.
