<?xml version="1.0" encoding="UTF-8"?>
<!DOCTYPE html PUBLIC "-//W3C//DTD XHTML 1.0 Transitional//EN"
    "http://www.w3.org/TR/xhtml1/DTD/xhtml1-transitional.dtd">
<html xmlns="http://www.w3.org/1999/xhtml" xml:lang="en" lang="en">
 <head>
  <title>
</title>
<meta http-equiv="Content-Type" content="text/html;charset=utf-8" />
  <meta name='ocr-system' content='tesseract 3.04.00' />
  <meta name='ocr-capabilities' content='ocr_page ocr_carea ocr_par ocr_line ocrx_word'/>
</head>
<body>
  <div class='ocr_page' id='page_1' title='image "./palladiirvtiliit00palluoft_0016.png"; bbox 0 0 2014 3169; ppageno 0'>
   <div class='ocr_carea' id='block_1_1' title="bbox 207 159 1216 204">
    <p class='ocr_par' dir='ltr' id='par_1_1' title="bbox 207 159 1216 204">
     <span class='ocr_line' id='line_1_1' title="bbox 207 159 1216 204; baseline 0 -1"><span class='ocrx_word' id='word_1_1' title='bbox 207 160 296 203; x_wconf 85' lang='grc' dir='ltr'>ΧΠ</span> <span class='ocrx_word' id='word_1_2' title='bbox 874 159 1216 204; x_wconf 88' lang='lat' dir='ltr'><strong>PRAEFATIO</strong></span> 
     </span>
    </p>
   </div>
   <div class='ocr_carea' id='block_1_2' title="bbox 195 285 1890 3015">
    <p class='ocr_par' dir='ltr' id='par_1_2' title="bbox 205 285 1888 408">
     <span class='ocr_line' id='line_1_2' title="bbox 205 285 1888 348; baseline 0.002 -14"><span class='ocrx_word' id='word_1_3' title='bbox 205 285 395 334; x_wconf 91' lang='lat' dir='ltr'>librum</span> <span class='ocrx_word' id='word_1_4' title='bbox 463 285 726 333; x_wconf 89' lang='lat' dir='ltr'>metricum</span> <span class='ocrx_word' id='word_1_5' title='bbox 793 285 1076 333; x_wconf 77' lang='lat' dir='ltr'>Florentiae</span> <span class='ocrx_word' id='word_1_6' title='bbox 1136 301 1302 334; x_wconf 90' lang='lat' dir='ltr'>mense</span> <span class='ocrx_word' id='word_1_7' title='bbox 1365 285 1514 348; x_wconf 88' lang='lat' dir='ltr'>aprili</span> <span class='ocrx_word' id='word_1_8' title='bbox 1574 287 1692 334; x_wconf 86' lang='lat' dir='ltr'>anni</span> <span class='ocrx_word' id='word_1_9' title='bbox 1749 289 1888 337; x_wconf 88' lang='grc'><strong>1875</strong></span> 
     </span>
     <span class='ocr_line' id='line_1_3' title="bbox 205 359 410 408; baseline -0.005 0"><span class='ocrx_word' id='word_1_10' title='bbox 205 359 410 408; x_wconf 88' lang='lat' dir='ltr'>contuli.</span> 
     </span>
    </p>

    <p class='ocr_par' dir='ltr' id='par_1_3' title="bbox 200 432 1890 1370">
     <span class='ocr_line' id='line_1_4' title="bbox 321 432 1890 499; baseline 0.002 -19"><span class='ocrx_word' id='word_1_11' title='bbox 321 433 484 482; x_wconf 83' lang='lat' dir='ltr'>Codex</span> <span class='ocrx_word' id='word_1_12' title='bbox 521 433 573 479; x_wconf 89' lang='lat' dir='ltr'><em>D</em></span> <span class='ocrx_word' id='word_1_13' title='bbox 612 432 642 479; x_wconf 91' lang='lat' dir='ltr'>i.</span> <span class='ocrx_word' id='word_1_14' title='bbox 685 448 724 479; x_wconf 92' lang='lat' dir='ltr'>e.</span> <span class='ocrx_word' id='word_1_15' title='bbox 763 432 1084 480; x_wconf 90' lang='lat' dir='ltr'>Florentinus</span> <span class='ocrx_word' id='word_1_16' title='bbox 1124 433 1226 482; x_wconf 87' lang='lat' dir='ltr'>sive</span> <span class='ocrx_word' id='word_1_17' title='bbox 1264 433 1632 482; x_wconf 75' lang='lat' dir='ltr'>Laurentianus</span> <span class='ocrx_word' id='word_1_18' title='bbox 1674 435 1762 498; x_wconf 85' lang='lat'>53,</span> <span class='ocrx_word' id='word_1_19' title='bbox 1806 438 1890 499; x_wconf 88' lang='lat'>15,</span> 
     </span>
     <span class='ocr_line' id='line_1_5' title="bbox 207 506 1888 573; baseline 0.001 -18"><span class='ocrx_word' id='word_1_20' title='bbox 207 508 521 569; x_wconf 73' lang='lat' dir='ltr'>chartaceus,</span> <span class='ocrx_word' id='word_1_21' title='bbox 583 521 736 553; x_wconf 93' lang='lat' dir='ltr'>manu</span> <span class='ocrx_word' id='word_1_22' title='bbox 791 507 1026 569; x_wconf 89' lang='lat' dir='ltr'>scriptus,</span> <span class='ocrx_word' id='word_1_23' title='bbox 1081 507 1266 555; x_wconf 82' lang='lat' dir='ltr'>saeculi</span> <span class='ocrx_word' id='word_1_24' title='bbox 1310 506 1423 569; x_wconf 89' lang='lat' dir='ltr'>XV,</span> <span class='ocrx_word' id='word_1_25' title='bbox 1477 507 1712 556; x_wconf 90' lang='lat' dir='ltr'>foliorum</span> <span class='ocrx_word' id='word_1_26' title='bbox 1768 511 1888 573; x_wconf 88' lang='lat'>179,</span> 
     </span>
     <span class='ocr_line' id='line_1_6' title="bbox 207 579 1888 643; baseline 0.001 -14"><span class='ocrx_word' id='word_1_27' title='bbox 207 582 442 629; x_wconf 84' lang='lat' dir='ltr'>minimae</span> <span class='ocrx_word' id='word_1_28' title='bbox 489 580 677 627; x_wconf 85' lang='lat' dir='ltr'>formae</span> <span class='ocrx_word' id='word_1_29' title='bbox 725 579 989 643; x_wconf 83' lang='lat' dir='ltr'>oblongae,</span> <span class='ocrx_word' id='word_1_30' title='bbox 1045 581 1286 629; x_wconf 87' lang='lat' dir='ltr'>continet:</span> <span class='ocrx_word' id='word_1_31' title='bbox 1342 581 1367 627; x_wconf 93' lang='lat' dir='ltr'>I</span> <span class='ocrx_word' id='word_1_32' title='bbox 1412 581 1599 629; x_wconf 90' lang='lat' dir='ltr'>Donati</span> <span class='ocrx_word' id='word_1_33' title='bbox 1643 581 1888 631; x_wconf 87' lang='lat' dir='ltr'>breviatio</span> 
     </span>
     <span class='ocr_line' id='line_1_7' title="bbox 209 652 1889 716; baseline 0 -13"><span class='ocrx_word' id='word_1_34' title='bbox 209 654 387 704; x_wconf 85' lang='lat' dir='ltr'>Ovidii.</span> <span class='ocrx_word' id='word_1_35' title='bbox 451 654 501 700; x_wconf 88' lang='lat' dir='ltr'>II</span> <span class='ocrx_word' id='word_1_36' title='bbox 532 653 785 716; x_wconf 81' lang='lat' dir='ltr'>Anonymi</span> <span class='ocrx_word' id='word_1_37' title='bbox 815 654 951 702; x_wconf 78' lang='lat' dir='ltr'>vitae</span> <span class='ocrx_word' id='word_1_38' title='bbox 985 652 1151 703; x_wconf 86' lang='lat' dir='ltr'>Ovidii</span> <span class='ocrx_word' id='word_1_39' title='bbox 1191 655 1516 716; x_wconf 90' lang='lat' dir='ltr'>aliorumque.</span> <span class='ocrx_word' id='word_1_40' title='bbox 1577 655 1654 702; x_wconf 90' lang='grc' dir='ltr'>ΙΠ</span> <span class='ocrx_word' id='word_1_41' title='bbox 1684 655 1889 704; x_wconf 89' lang='lat' dir='ltr'>Asconii</span> 
     </span>
     <span class='ocr_line' id='line_1_8' title="bbox 205 727 1887 791; baseline 0.001 -14"><span class='ocrx_word' id='word_1_42' title='bbox 205 728 551 777; x_wconf 87' lang='lat' dir='ltr'>adnotationes</span> <span class='ocrx_word' id='word_1_43' title='bbox 599 727 661 774; x_wconf 91' lang='lat' dir='ltr'>ad</span> <span class='ocrx_word' id='word_1_44' title='bbox 709 727 956 775; x_wconf 77' lang='lat' dir='ltr'>Ciceronis</span> <span class='ocrx_word' id='word_1_45' title='bbox 1005 729 1252 778; x_wconf 90' lang='lat' dir='ltr'>orationes</span> <span class='ocrx_word' id='word_1_46' title='bbox 1300 728 1554 791; x_wconf 89' lang='lat' dir='ltr'>quasdam.</span> <span class='ocrx_word' id='word_1_47' title='bbox 1636 729 1709 776; x_wconf 90' lang='lat' dir='ltr'>IV</span> <span class='ocrx_word' id='word_1_48' title='bbox 1753 729 1887 778; x_wconf 89' lang='lat' dir='ltr'>Ano-</span> 
     </span>
     <span class='ocr_line' id='line_1_9' title="bbox 203 801 1887 866; baseline -0.001 -15"><span class='ocrx_word' id='word_1_49' title='bbox 203 803 343 866; x_wconf 83' lang='lat' dir='ltr'>nymi</span> <span class='ocrx_word' id='word_1_50' title='bbox 383 803 440 850; x_wconf 91' lang='lat' dir='ltr'>de</span> <span class='ocrx_word' id='word_1_51' title='bbox 482 801 803 850; x_wconf 83' lang='lat' dir='ltr'>deminutivis</span> <span class='ocrx_word' id='word_1_52' title='bbox 843 802 1125 850; x_wconf 84' lang='lat' dir='ltr'>nominibus</span> <span class='ocrx_word' id='word_1_53' title='bbox 1168 801 1319 864; x_wconf 91' lang='lat' dir='ltr'>Opus.</span> <span class='ocrx_word' id='word_1_54' title='bbox 1385 803 1431 848; x_wconf 91' lang='lat' dir='ltr'><strong>V</strong></span> <span class='ocrx_word' id='word_1_55' title='bbox 1462 803 1713 865; x_wconf 84' lang='lat' dir='ltr'>Anonymi</span> <span class='ocrx_word' id='word_1_56' title='bbox 1745 803 1887 852; x_wconf 89' lang='lat' dir='ltr'>Com-</span> 
     </span>
     <span class='ocr_line' id='line_1_10' title="bbox 204 875 1885 939; baseline 0 -14"><span class='ocrx_word' id='word_1_57' title='bbox 204 876 481 925; x_wconf 90' lang='lat' dir='ltr'>mentarius</span> <span class='ocrx_word' id='word_1_58' title='bbox 520 876 572 923; x_wconf 92' lang='lat' dir='ltr'>in</span> <span class='ocrx_word' id='word_1_59' title='bbox 604 875 817 939; x_wconf 85' lang='lat' dir='ltr'>Vergilii</span> <span class='ocrx_word' id='word_1_60' title='bbox 854 876 1150 938; x_wconf 91' lang='lat' dir='ltr'>Priapeiam.</span> <span class='ocrx_word' id='word_1_61' title='bbox 1220 877 1292 924; x_wconf 89' lang='lat' dir='ltr'>VI</span> <span class='ocrx_word' id='word_1_62' title='bbox 1330 876 1598 924; x_wconf 86' lang='lat' dir='ltr'>Palladii</span> <span class='ocrx_word' id='word_1_63' title='bbox 1645 877 1709 925; x_wconf 91' lang='lat' dir='ltr'>de</span> <span class='ocrx_word' id='word_1_64' title='bbox 1758 880 1885 926; x_wconf 87' lang='lat' dir='ltr'>arte</span> 
     </span>
     <span class='ocr_line' id='line_1_11' title="bbox 203 949 1886 1014; baseline -0.001 -16"><span class='ocrx_word' id='word_1_65' title='bbox 203 950 520 999; x_wconf 90' lang='lat' dir='ltr'>insitionis</span> <span class='ocrx_word' id='word_1_66' title='bbox 544 949 839 1012; x_wconf 84' lang='lat' dir='ltr'>LibelluS,</span> <span class='ocrx_word' id='word_1_67' title='bbox 871 951 1074 1011; x_wconf 83' lang='lat' dir='ltr'>praevio</span> <span class='ocrx_word' id='word_1_68' title='bbox 1099 951 1329 1014; x_wconf 85' lang='lat' dir='ltr'>Prologo,</span> <span class='ocrx_word' id='word_1_69' title='bbox 1361 953 1420 998; x_wconf 91' lang='lat' dir='ltr'>ut</span> <span class='ocrx_word' id='word_1_70' title='bbox 1444 950 1495 997; x_wconf 92' lang='lat' dir='ltr'>in</span> <span class='ocrx_word' id='word_1_71' title='bbox 1521 950 1698 999; x_wconf 84' lang='lat' dir='ltr'>Codice</span> <span class='ocrx_word' id='word_1_72' title='bbox 1721 951 1886 999; x_wconf 89' lang='lat' dir='ltr'>XXIV</span> 
     </span>
     <span class='ocr_line' id='line_1_12' title="bbox 200 1018 1885 1089; baseline -0.001 -16"><span class='ocrx_word' id='word_1_73' title='bbox 200 1025 334 1073; x_wconf 89' lang='lat' dir='ltr'>Plut.</span> <span class='ocrx_word' id='word_1_74' title='bbox 375 1024 560 1071; x_wconf 86' lang='lat' dir='ltr'>XLVII</span> <span class='ocrx_word' id='word_1_75' title='bbox 594 1018 695 1089; x_wconf 82' lang='lat' dir='ltr'><em>(C).</em></span> <span class='ocrx_word' id='word_1_76' title='bbox 775 1023 871 1071; x_wconf 88' lang='lat' dir='ltr'>VH</span> <span class='ocrx_word' id='word_1_77' title='bbox 909 1024 1216 1072; x_wconf 87' lang='lat' dir='ltr'>Fenestellae</span> <span class='ocrx_word' id='word_1_78' title='bbox 1257 1025 1315 1072; x_wconf 93' lang='lat' dir='ltr'>de</span> <span class='ocrx_word' id='word_1_79' title='bbox 1354 1025 1542 1073; x_wconf 86' lang='lat' dir='ltr'>Romae</span> <span class='ocrx_word' id='word_1_80' title='bbox 1580 1024 1885 1089; x_wconf 85' lang='lat' dir='ltr'>Magistrati-</span> 
     </span>
     <span class='ocr_line' id='line_1_13' title="bbox 201 1097 1885 1147; baseline -0.001 0"><span class='ocrx_word' id='word_1_81' title='bbox 201 1099 295 1147; x_wconf 91' lang='lat' dir='ltr'>bus</span> <span class='ocrx_word' id='word_1_82' title='bbox 334 1098 496 1146; x_wconf 92' lang='lat' dir='ltr'>Liber.</span> <span class='ocrx_word' id='word_1_83' title='bbox 572 1098 698 1145; x_wconf 91' lang='lat' dir='ltr'>VIII</span> <span class='ocrx_word' id='word_1_84' title='bbox 736 1097 853 1145; x_wconf 90' lang='lat' dir='ltr'>Alia</span> <span class='ocrx_word' id='word_1_85' title='bbox 894 1097 1061 1146; x_wconf 80' lang='lat' dir='ltr'>Ovidii</span> <span class='ocrx_word' id='word_1_86' title='bbox 1099 1099 1205 1146; x_wconf 80' lang='lat' dir='ltr'>vita</span> <span class='ocrx_word' id='word_1_87' title='bbox 1244 1098 1422 1146; x_wconf 85' lang='lat' dir='ltr'>incerti</span> <span class='ocrx_word' id='word_1_88' title='bbox 1462 1099 1694 1147; x_wconf 88' lang='lat' dir='ltr'>auctoris.</span> <span class='ocrx_word' id='word_1_89' title='bbox 1769 1099 1885 1147; x_wconf 88' lang='lat' dir='ltr'>Pal-</span> 
     </span>
     <span class='ocr_line' id='line_1_14' title="bbox 200 1172 1886 1234; baseline 0.001 -14"><span class='ocrx_word' id='word_1_90' title='bbox 200 1173 325 1221; x_wconf 91' lang='lat' dir='ltr'>ladii</span> <span class='ocrx_word' id='word_1_91' title='bbox 363 1174 533 1220; x_wconf 90' lang='lat' dir='ltr'>autem</span> <span class='ocrx_word' id='word_1_92' title='bbox 573 1172 698 1220; x_wconf 89' lang='lat' dir='ltr'>liber</span> <span class='ocrx_word' id='word_1_93' title='bbox 735 1172 912 1234; x_wconf 89' lang='lat' dir='ltr'>incipit</span> <span class='ocrx_word' id='word_1_94' title='bbox 953 1188 982 1220; x_wconf 90' lang='lat' dir='ltr'>a</span> <span class='ocrx_word' id='word_1_95' title='bbox 1020 1172 1140 1220; x_wconf 88' lang='lat' dir='ltr'>folio</span> <span class='ocrx_word' id='word_1_96' title='bbox 1185 1175 1286 1221; x_wconf 82' lang='lat'>127</span> <span class='ocrx_word' id='word_1_97' title='bbox 1331 1175 1380 1221; x_wconf 91' lang='lat' dir='ltr'>et</span> <span class='ocrx_word' id='word_1_98' title='bbox 1420 1173 1615 1234; x_wconf 89' lang='lat' dir='ltr'>aliquot</span> <span class='ocrx_word' id='word_1_99' title='bbox 1652 1173 1774 1222; x_wconf 90' lang='lat' dir='ltr'>locis</span> <span class='ocrx_word' id='word_1_100' title='bbox 1813 1188 1886 1221; x_wconf 90' lang='lat' dir='ltr'>se-</span> 
     </span>
     <span class='ocr_line' id='line_1_15' title="bbox 203 1246 1886 1310; baseline -0.001 -14"><span class='ocrx_word' id='word_1_101' title='bbox 203 1247 413 1296; x_wconf 89' lang='lat' dir='ltr'>sundam</span> <span class='ocrx_word' id='word_1_102' title='bbox 464 1262 669 1294; x_wconf 88' lang='lat' dir='ltr'>manum</span> <span class='ocrx_word' id='word_1_103' title='bbox 722 1246 938 1308; x_wconf 82' lang='lat' dir='ltr'>praebet.</span> <span class='ocrx_word' id='word_1_104' title='bbox 1015 1247 1147 1294; x_wconf 88' lang='lat' dir='ltr'>hunc</span> <span class='ocrx_word' id='word_1_105' title='bbox 1193 1247 1476 1295; x_wconf 86' lang='lat' dir='ltr'>Florentiae</span> <span class='ocrx_word' id='word_1_106' title='bbox 1525 1263 1690 1295; x_wconf 89' lang='lat' dir='ltr'>mense</span> <span class='ocrx_word' id='word_1_107' title='bbox 1738 1247 1886 1310; x_wconf 89' lang='lat' dir='ltr'>aprili</span> 
     </span>
     <span class='ocr_line' id='line_1_16' title="bbox 202 1321 752 1370; baseline -0.004 -1"><span class='ocrx_word' id='word_1_108' title='bbox 202 1322 321 1370; x_wconf 91' lang='lat' dir='ltr'>anni</span> <span class='ocrx_word' id='word_1_109' title='bbox 366 1322 503 1369; x_wconf 80' lang='grc'><strong>1875</strong></span> <span class='ocrx_word' id='word_1_110' title='bbox 547 1321 752 1369; x_wconf 92' lang='lat' dir='ltr'>contuli.</span> 
     </span>
    </p>

    <p class='ocr_par' dir='ltr' id='par_1_4' title="bbox 199 1394 1887 1753">
     <span class='ocr_line' id='line_1_17' title="bbox 316 1394 1885 1458; baseline 0 -15"><span class='ocrx_word' id='word_1_111' title='bbox 316 1395 478 1444; x_wconf 76' lang='lat' dir='ltr'>Codex</span> <span class='ocrx_word' id='word_1_112' title='bbox 510 1396 568 1442; x_wconf 91' lang='lat' dir='ltr'><em>H</em></span> <span class='ocrx_word' id='word_1_113' title='bbox 594 1395 624 1442; x_wconf 89' lang='lat' dir='ltr'>i.</span> <span class='ocrx_word' id='word_1_114' title='bbox 659 1412 695 1442; x_wconf 93' lang='lat' dir='ltr'>e.</span> <span class='ocrx_word' id='word_1_115' title='bbox 730 1394 1005 1442; x_wconf 84' lang='lat' dir='ltr'>Vaticanus</span> <span class='ocrx_word' id='word_1_116' title='bbox 1033 1397 1190 1458; x_wconf 83' lang='lat'>5245,</span> <span class='ocrx_word' id='word_1_117' title='bbox 1222 1396 1526 1458; x_wconf 83' lang='lat' dir='ltr'>chartaceuS,</span> <span class='ocrx_word' id='word_1_118' title='bbox 1558 1409 1710 1443; x_wconf 90' lang='lat' dir='ltr'>manu</span> <span class='ocrx_word' id='word_1_119' title='bbox 1735 1395 1885 1458; x_wconf 92' lang='lat' dir='ltr'>scrip-</span> 
     </span>
     <span class='ocr_line' id='line_1_18' title="bbox 199 1468 1887 1533; baseline -0.001 -15"><span class='ocrx_word' id='word_1_120' title='bbox 199 1472 284 1518; x_wconf 89' lang='lat' dir='ltr'>tus</span> <span class='ocrx_word' id='word_1_121' title='bbox 324 1469 508 1518; x_wconf 82' lang='lat' dir='ltr'>saeculi</span> <span class='ocrx_word' id='word_1_122' title='bbox 547 1468 653 1532; x_wconf 91' lang='lat' dir='ltr'>XV,</span> <span class='ocrx_word' id='word_1_123' title='bbox 704 1469 941 1517; x_wconf 85' lang='lat' dir='ltr'>foliorum</span> <span class='ocrx_word' id='word_1_124' title='bbox 983 1471 1108 1533; x_wconf 80' lang='lat'>213,</span> <span class='ocrx_word' id='word_1_125' title='bbox 1155 1472 1354 1531; x_wconf 87' lang='lat' dir='ltr'>praeter</span> <span class='ocrx_word' id='word_1_126' title='bbox 1394 1469 1494 1516; x_wconf 86' lang='lat' dir='ltr'>alia</span> <span class='ocrx_word' id='word_1_127' title='bbox 1533 1469 1887 1531; x_wconf 89' lang='lat' dir='ltr'>conprehendit</span> 
     </span>
     <span class='ocr_line' id='line_1_19' title="bbox 202 1543 1883 1606; baseline -0.001 -15"><span class='ocrx_word' id='word_1_128' title='bbox 202 1559 232 1591; x_wconf 89' lang='lat' dir='ltr'>a</span> <span class='ocrx_word' id='word_1_129' title='bbox 263 1544 384 1593; x_wconf 84' lang='lat' dir='ltr'>folio</span> <span class='ocrx_word' id='word_1_130' title='bbox 414 1546 479 1591; x_wconf 83' lang='lat'>85</span> <span class='ocrx_word' id='word_1_131' title='bbox 514 1558 671 1605; x_wconf 91' lang='lat' dir='ltr'>usque</span> <span class='ocrx_word' id='word_1_132' title='bbox 706 1543 768 1590; x_wconf 87' lang='lat' dir='ltr'>ad</span> <span class='ocrx_word' id='word_1_133' title='bbox 806 1543 986 1591; x_wconf 87' lang='lat' dir='ltr'>folium</span> <span class='ocrx_word' id='word_1_134' title='bbox 1021 1546 1083 1591; x_wconf 83' lang='lat'>91</span> <span class='ocrx_word' id='word_1_135' title='bbox 1128 1543 1393 1606; x_wconf 85' lang='lat' dir='ltr'>Palladij</span> <span class='ocrx_word' id='word_1_136' title='bbox 1435 1543 1657 1605; x_wconf 87' lang='lat' dir='ltr'>Rutilij</span> <span class='ocrx_word' id='word_1_137' title='bbox 1701 1543 1883 1591; x_wconf 88' lang='lat' dir='ltr'>Tauri</span> 
     </span>
     <span class='ocr_line' id='line_1_20' title="bbox 204 1617 1885 1682; baseline 0 -16"><span class='ocrx_word' id='word_1_138' title='bbox 204 1618 517 1666; x_wconf 89' lang='lat' dir='ltr'>aemiliani</span> <span class='ocrx_word' id='word_1_139' title='bbox 558 1617 626 1664; x_wconf 89' lang='lat' dir='ltr'>ad</span> <span class='ocrx_word' id='word_1_140' title='bbox 665 1617 1001 1665; x_wconf 90' lang='lat' dir='ltr'>Pastellum</span> <span class='ocrx_word' id='word_1_141' title='bbox 1041 1618 1106 1666; x_wconf 93' lang='lat' dir='ltr'>de</span> <span class='ocrx_word' id='word_1_142' title='bbox 1146 1617 1445 1666; x_wconf 90' lang='lat' dir='ltr'>Insitione</span> <span class='ocrx_word' id='word_1_143' title='bbox 1485 1617 1688 1682; x_wconf 88' lang='lat' dir='ltr'>librum,</span> <span class='ocrx_word' id='word_1_144' title='bbox 1737 1633 1885 1681; x_wconf 91' lang='lat' dir='ltr'>quem</span> 
     </span>
     <span class='ocr_line' id='line_1_21' title="bbox 200 1692 1358 1753; baseline -0.001 -13"><span class='ocrx_word' id='word_1_145' title='bbox 200 1693 386 1741; x_wconf 85' lang='lat' dir='ltr'>Romae</span> <span class='ocrx_word' id='word_1_146' title='bbox 426 1707 591 1739; x_wconf 88' lang='lat' dir='ltr'>mense</span> <span class='ocrx_word' id='word_1_147' title='bbox 626 1692 774 1753; x_wconf 90' lang='lat' dir='ltr'>aprili</span> <span class='ocrx_word' id='word_1_148' title='bbox 815 1692 929 1739; x_wconf 88' lang='lat' dir='ltr'>anni</span> <span class='ocrx_word' id='word_1_149' title='bbox 974 1693 1111 1740; x_wconf 84' lang='lat'>1875</span> <span class='ocrx_word' id='word_1_150' title='bbox 1156 1692 1358 1739; x_wconf 87' lang='lat' dir='ltr'>contuli.</span> 
     </span>
    </p>

    <p class='ocr_par' dir='ltr' id='par_1_5' title="bbox 195 1765 1884 2495">
     <span class='ocr_line' id='line_1_22' title="bbox 312 1765 1883 1829; baseline 0 -16"><span class='ocrx_word' id='word_1_151' title='bbox 312 1767 388 1813; x_wconf 78' lang='lat' dir='ltr'>Ex</span> <span class='ocrx_word' id='word_1_152' title='bbox 425 1766 503 1813; x_wconf 88' lang='lat' dir='ltr'>his</span> <span class='ocrx_word' id='word_1_153' title='bbox 543 1765 793 1814; x_wconf 87' lang='lat' dir='ltr'>codicibus</span> <span class='ocrx_word' id='word_1_154' title='bbox 829 1765 870 1813; x_wconf 80' lang='lat' dir='ltr'><em>C</em></span> <span class='ocrx_word' id='word_1_155' title='bbox 905 1782 1019 1814; x_wconf 92' lang='lat' dir='ltr'>cum</span> <span class='ocrx_word' id='word_1_156' title='bbox 1054 1766 1254 1829; x_wconf 83' lang='lat' dir='ltr'>vulgari</span> <span class='ocrx_word' id='word_1_157' title='bbox 1291 1766 1517 1829; x_wconf 89' lang='lat' dir='ltr'>lectione,</span> <span class='ocrx_word' id='word_1_158' title='bbox 1557 1781 1686 1828; x_wconf 91' lang='lat' dir='ltr'>quae</span> <span class='ocrx_word' id='word_1_159' title='bbox 1723 1780 1883 1828; x_wconf 87' lang='lat' dir='ltr'>usque</span> 
     </span>
     <span class='ocr_line' id='line_1_23' title="bbox 200 1839 1884 1904; baseline -0.001 -16"><span class='ocrx_word' id='word_1_160' title='bbox 200 1841 264 1888; x_wconf 93' lang='lat' dir='ltr'>ad</span> <span class='ocrx_word' id='word_1_161' title='bbox 305 1840 659 1888; x_wconf 85' lang='lat' dir='ltr'>Schneiderum</span> <span class='ocrx_word' id='word_1_162' title='bbox 697 1841 748 1886; x_wconf 91' lang='lat' dir='ltr'>in</span> <span class='ocrx_word' id='word_1_163' title='bbox 789 1839 1089 1888; x_wconf 89' lang='lat' dir='ltr'>editionibus</span> <span class='ocrx_word' id='word_1_164' title='bbox 1129 1840 1335 1904; x_wconf 81' lang='lat' dir='ltr'>legitur,</span> <span class='ocrx_word' id='word_1_165' title='bbox 1376 1839 1592 1902; x_wconf 82' lang='lat' dir='ltr'>exceptis</span> <span class='ocrx_word' id='word_1_166' title='bbox 1630 1840 1884 1888; x_wconf 85' lang='lat' dir='ltr'>nonnullis</span> 
     </span>
     <span class='ocr_line' id='line_1_24' title="bbox 197 1913 1884 1976; baseline 0 -14"><span class='ocrx_word' id='word_1_167' title='bbox 197 1915 346 1963; x_wconf 88' lang='lat' dir='ltr'>rebus</span> <span class='ocrx_word' id='word_1_168' title='bbox 378 1914 603 1976; x_wconf 77' lang='lat' dir='ltr'>parvulis</span> <span class='ocrx_word' id='word_1_169' title='bbox 635 1914 782 1976; x_wconf 89' lang='lat' dir='ltr'>plane</span> <span class='ocrx_word' id='word_1_170' title='bbox 817 1914 1081 1962; x_wconf 88' lang='lat' dir='ltr'>consentit:</span> <span class='ocrx_word' id='word_1_171' title='bbox 1121 1914 1292 1976; x_wconf 87' lang='lat' dir='ltr'>itaque</span> <span class='ocrx_word' id='word_1_172' title='bbox 1324 1915 1444 1962; x_wconf 89' lang='lat' dir='ltr'>haec</span> <span class='ocrx_word' id='word_1_173' title='bbox 1477 1931 1535 1962; x_wconf 84' lang='lat' dir='ltr'>ex</span> <span class='ocrx_word' id='word_1_174' title='bbox 1565 1914 1652 1962; x_wconf 88' lang='lat' dir='ltr'>illo</span> <span class='ocrx_word' id='word_1_175' title='bbox 1684 1913 1884 1962; x_wconf 86' lang='lat' dir='ltr'>fluxisse</span> 
     </span>
     <span class='ocr_line' id='line_1_25' title="bbox 199 1987 1884 2050; baseline -0.002 -13"><span class='ocrx_word' id='word_1_176' title='bbox 199 1989 411 2037; x_wconf 86' lang='lat' dir='ltr'>videtur.</span> <span class='ocrx_word' id='word_1_177' title='bbox 491 2004 649 2050; x_wconf 90' lang='lat' dir='ltr'>neque</span> <span class='ocrx_word' id='word_1_178' title='bbox 697 1988 915 2035; x_wconf 89' lang='lat' dir='ltr'>multum</span> <span class='ocrx_word' id='word_1_179' title='bbox 963 1988 1023 2036; x_wconf 89' lang='lat' dir='ltr'>ab</span> <span class='ocrx_word' id='word_1_180' title='bbox 1073 2005 1127 2037; x_wconf 91' lang='lat' dir='ltr'>eo</span> <span class='ocrx_word' id='word_1_181' title='bbox 1176 1989 1326 2036; x_wconf 82' lang='lat' dir='ltr'>codex</span> <span class='ocrx_word' id='word_1_182' title='bbox 1364 1989 1414 2035; x_wconf 90' lang='lat' dir='ltr'><em>B</em></span> <span class='ocrx_word' id='word_1_183' title='bbox 1461 1988 1720 2050; x_wconf 87' lang='lat' dir='ltr'>discrepat.</span> <span class='ocrx_word' id='word_1_184' title='bbox 1798 1987 1884 2036; x_wconf 87' lang='lat' dir='ltr'>sed</span> 
     </span>
     <span class='ocr_line' id='line_1_26' title="bbox 201 2062 1884 2126; baseline -0.001 -15"><span class='ocrx_word' id='word_1_185' title='bbox 201 2063 391 2112; x_wconf 90' lang='lat' dir='ltr'>codices</span> <span class='ocrx_word' id='word_1_186' title='bbox 432 2062 478 2108; x_wconf 90' lang='lat' dir='ltr'><strong><em>A</em></strong></span> <span class='ocrx_word' id='word_1_187' title='bbox 520 2065 569 2109; x_wconf 89' lang='lat' dir='ltr'>et</span> <span class='ocrx_word' id='word_1_188' title='bbox 608 2063 659 2109; x_wconf 88' lang='lat' dir='ltr'><em>D</em></span> <span class='ocrx_word' id='word_1_189' title='bbox 700 2064 749 2110; x_wconf 92' lang='lat' dir='ltr'>et</span> <span class='ocrx_word' id='word_1_190' title='bbox 787 2063 862 2126; x_wconf 89' lang='lat' dir='ltr'>H,</span> <span class='ocrx_word' id='word_1_191' title='bbox 917 2063 1004 2124; x_wconf 87' lang='lat' dir='ltr'>qui</span> <span class='ocrx_word' id='word_1_192' title='bbox 1054 2063 1185 2110; x_wconf 90' lang='lat' dir='ltr'>inter</span> <span class='ocrx_word' id='word_1_193' title='bbox 1235 2078 1284 2111; x_wconf 93' lang='lat' dir='ltr'>se</span> <span class='ocrx_word' id='word_1_194' title='bbox 1335 2063 1659 2125; x_wconf 89' lang='lat' dir='ltr'>concordant,</span> <span class='ocrx_word' id='word_1_195' title='bbox 1711 2062 1884 2124; x_wconf 88' lang='lat' dir='ltr'>plures</span> 
     </span>
     <span class='ocr_line' id='line_1_27' title="bbox 199 2135 1882 2199; baseline -0.001 -15"><span class='ocrx_word' id='word_1_196' title='bbox 199 2137 439 2185; x_wconf 88' lang='lat' dir='ltr'>lectiones</span> <span class='ocrx_word' id='word_1_197' title='bbox 486 2136 689 2199; x_wconf 89' lang='lat' dir='ltr'>habent,</span> <span class='ocrx_word' id='word_1_198' title='bbox 742 2152 868 2198; x_wconf 92' lang='lat' dir='ltr'>quae</span> <span class='ocrx_word' id='word_1_199' title='bbox 908 2137 996 2184; x_wconf 88' lang='lat' dir='ltr'>hos</span> <span class='ocrx_word' id='word_1_200' title='bbox 1046 2137 1106 2184; x_wconf 89' lang='lat' dir='ltr'>ab</span> <span class='ocrx_word' id='word_1_201' title='bbox 1155 2137 1252 2185; x_wconf 92' lang='lat' dir='ltr'>alio</span> <span class='ocrx_word' id='word_1_202' title='bbox 1302 2153 1457 2198; x_wconf 87' lang='lat' dir='ltr'>eoque</span> <span class='ocrx_word' id='word_1_203' title='bbox 1503 2136 1704 2184; x_wconf 91' lang='lat' dir='ltr'>meliore</span> <span class='ocrx_word' id='word_1_204' title='bbox 1743 2135 1882 2184; x_wconf 88' lang='lat' dir='ltr'>fonte</span> 
     </span>
     <span class='ocr_line' id='line_1_28' title="bbox 200 2210 1882 2273; baseline -0.002 -14"><span class='ocrx_word' id='word_1_205' title='bbox 200 2226 453 2260; x_wconf 90' lang='lat' dir='ltr'>emanasse</span> <span class='ocrx_word' id='word_1_206' title='bbox 493 2227 642 2272; x_wconf 85' lang='lat' dir='ltr'>quam</span> <span class='ocrx_word' id='word_1_207' title='bbox 683 2211 796 2258; x_wconf 89' lang='lat' dir='ltr'>illos</span> <span class='ocrx_word' id='word_1_208' title='bbox 834 2210 1075 2258; x_wconf 87' lang='lat' dir='ltr'>indicent:</span> <span class='ocrx_word' id='word_1_209' title='bbox 1117 2211 1417 2273; x_wconf 84' lang='lat' dir='ltr'>aliquotiens</span> <span class='ocrx_word' id='word_1_210' title='bbox 1458 2226 1573 2258; x_wconf 90' lang='lat' dir='ltr'>sane</span> <span class='ocrx_word' id='word_1_211' title='bbox 1613 2212 1882 2258; x_wconf 91' lang='lat' dir='ltr'>occurrunt</span> 
     </span>
     <span class='ocr_line' id='line_1_29' title="bbox 198 2283 1883 2347; baseline -0.001 -14"><span class='ocrx_word' id='word_1_212' title='bbox 198 2286 250 2332; x_wconf 90' lang='lat' dir='ltr'>in</span> <span class='ocrx_word' id='word_1_213' title='bbox 290 2286 455 2333; x_wconf 89' lang='lat' dir='ltr'>codice</span> <span class='ocrx_word' id='word_1_214' title='bbox 496 2286 546 2331; x_wconf 88' lang='lat' dir='ltr'><em>D</em></span> <span class='ocrx_word' id='word_1_215' title='bbox 585 2285 821 2333; x_wconf 88' lang='lat' dir='ltr'>lectiones</span> <span class='ocrx_word' id='word_1_216' title='bbox 863 2284 922 2331; x_wconf 90' lang='lat' dir='ltr'>ab</span> <span class='ocrx_word' id='word_1_217' title='bbox 959 2284 1006 2331; x_wconf 89' lang='lat' dir='ltr'><strong><em>A</em></strong></span> <span class='ocrx_word' id='word_1_218' title='bbox 1049 2288 1097 2332; x_wconf 90' lang='lat' dir='ltr'>et</span> <span class='ocrx_word' id='word_1_219' title='bbox 1137 2286 1192 2331; x_wconf 89' lang='lat' dir='ltr'><em>H</em></span> <span class='ocrx_word' id='word_1_220' title='bbox 1228 2285 1464 2347; x_wconf 86' lang='lat' dir='ltr'>diversae,</span> <span class='ocrx_word' id='word_1_221' title='bbox 1505 2300 1631 2346; x_wconf 89' lang='lat' dir='ltr'>quae</span> <span class='ocrx_word' id='word_1_222' title='bbox 1672 2283 1883 2331; x_wconf 88' lang='lat' dir='ltr'>arbitra-</span> 
     </span>
     <span class='ocr_line' id='line_1_30' title="bbox 195 2358 1882 2422; baseline -0.001 -15"><span class='ocrx_word' id='word_1_223' title='bbox 195 2360 299 2408; x_wconf 91' lang='lat' dir='ltr'>riae</span> <span class='ocrx_word' id='word_1_224' title='bbox 340 2358 666 2407; x_wconf 89' lang='lat' dir='ltr'>correctiones</span> <span class='ocrx_word' id='word_1_225' title='bbox 706 2359 950 2406; x_wconf 81' lang='lat' dir='ltr'>videntur.</span> <span class='ocrx_word' id='word_1_226' title='bbox 1030 2362 1180 2421; x_wconf 90' lang='lat' dir='ltr'>atque</span> <span class='ocrx_word' id='word_1_227' title='bbox 1227 2360 1385 2407; x_wconf 88' lang='lat' dir='ltr'>multo</span> <span class='ocrx_word' id='word_1_228' title='bbox 1434 2358 1593 2422; x_wconf 87' lang='lat' dir='ltr'>magis</span> <span class='ocrx_word' id='word_1_229' title='bbox 1641 2373 1792 2420; x_wconf 89' lang='lat' dir='ltr'>quam</span> <span class='ocrx_word' id='word_1_230' title='bbox 1829 2358 1882 2405; x_wconf 89' lang='lat' dir='ltr'><em>D</em></span> 
     </span>
     <span class='ocr_line' id='line_1_31' title="bbox 197 2432 1880 2495; baseline -0.002 -13"><span class='ocrx_word' id='word_1_231' title='bbox 197 2434 388 2482; x_wconf 91' lang='lat' dir='ltr'>codices</span> <span class='ocrx_word' id='word_1_232' title='bbox 415 2434 455 2480; x_wconf 78' lang='lat' dir='ltr'><em>C</em></span> <span class='ocrx_word' id='word_1_233' title='bbox 485 2435 535 2481; x_wconf 89' lang='lat' dir='ltr'>et</span> <span class='ocrx_word' id='word_1_234' title='bbox 567 2434 615 2479; x_wconf 83' lang='lat' dir='ltr'><em>B</em></span> <span class='ocrx_word' id='word_1_235' title='bbox 646 2433 740 2480; x_wconf 89' lang='lat' dir='ltr'>tali</span> <span class='ocrx_word' id='word_1_236' title='bbox 771 2433 974 2480; x_wconf 88' lang='lat' dir='ltr'>libidine</span> <span class='ocrx_word' id='word_1_237' title='bbox 1007 2437 1266 2495; x_wconf 85' lang='lat' dir='ltr'>corruptos</span> <span class='ocrx_word' id='word_1_238' title='bbox 1306 2448 1409 2482; x_wconf 88' lang='lat' dir='ltr'>esse</span> <span class='ocrx_word' id='word_1_239' title='bbox 1441 2432 1759 2494; x_wconf 90' lang='lat' dir='ltr'>perspicuum</span> <span class='ocrx_word' id='word_1_240' title='bbox 1790 2433 1880 2480; x_wconf 89' lang='lat' dir='ltr'>est.</span> 
     </span>
    </p>

    <p class='ocr_par' dir='ltr' id='par_1_6' title="bbox 195 2505 1881 2794">
     <span class='ocr_line' id='line_1_32' title="bbox 307 2505 1880 2570; baseline -0.001 -15"><span class='ocrx_word' id='word_1_241' title='bbox 307 2508 486 2570; x_wconf 86' lang='lat' dir='ltr'>Itaque</span> <span class='ocrx_word' id='word_1_242' title='bbox 539 2508 584 2555; x_wconf 87' lang='lat' dir='ltr'>ei</span> <span class='ocrx_word' id='word_1_243' title='bbox 632 2507 842 2570; x_wconf 91' lang='lat' dir='ltr'>codices,</span> <span class='ocrx_word' id='word_1_244' title='bbox 900 2507 986 2568; x_wconf 92' lang='lat' dir='ltr'>qui</span> <span class='ocrx_word' id='word_1_245' title='bbox 1032 2507 1249 2555; x_wconf 90' lang='lat' dir='ltr'>Palladii</span> <span class='ocrx_word' id='word_1_246' title='bbox 1303 2508 1361 2556; x_wconf 92' lang='lat' dir='ltr'>de</span> <span class='ocrx_word' id='word_1_247' title='bbox 1411 2507 1645 2554; x_wconf 88' lang='lat' dir='ltr'>insitione</span> <span class='ocrx_word' id='word_1_248' title='bbox 1695 2505 1880 2553; x_wconf 90' lang='lat' dir='ltr'>librum</span> 
     </span>
     <span class='ocr_line' id='line_1_33' title="bbox 195 2581 1881 2645; baseline -0.002 -15"><span class='ocrx_word' id='word_1_249' title='bbox 195 2582 465 2645; x_wconf 91' lang='lat' dir='ltr'>continent,</span> <span class='ocrx_word' id='word_1_250' title='bbox 505 2581 558 2629; x_wconf 91' lang='lat' dir='ltr'>in</span> <span class='ocrx_word' id='word_1_251' title='bbox 588 2581 686 2628; x_wconf 83' lang='lat' dir='ltr'>tria</span> <span class='ocrx_word' id='word_1_252' title='bbox 718 2597 899 2645; x_wconf 86' lang='lat' dir='ltr'>genera</span> <span class='ocrx_word' id='word_1_253' title='bbox 931 2581 1196 2629; x_wconf 84' lang='lat' dir='ltr'>dividenda</span> <span class='ocrx_word' id='word_1_254' title='bbox 1235 2597 1339 2630; x_wconf 90' lang='lat' dir='ltr'>esse</span> <span class='ocrx_word' id='word_1_255' title='bbox 1379 2581 1628 2629; x_wconf 84' lang='lat' dir='ltr'>existimo:</span> <span class='ocrx_word' id='word_1_256' title='bbox 1667 2595 1881 2642; x_wconf 88' lang='lat' dir='ltr'>quorum</span> 
     </span>
     <span class='ocr_line' id='line_1_34' title="bbox 197 2653 1878 2719; baseline -0.002 -15"><span class='ocrx_word' id='word_1_257' title='bbox 197 2656 444 2718; x_wconf 90' lang='lat' dir='ltr'>optimum</span> <span class='ocrx_word' id='word_1_258' title='bbox 483 2671 639 2719; x_wconf 87' lang='lat' dir='ltr'>genus</span> <span class='ocrx_word' id='word_1_259' title='bbox 679 2672 737 2703; x_wconf 83' lang='lat' dir='ltr'>ex</span> <span class='ocrx_word' id='word_1_260' title='bbox 777 2655 1026 2703; x_wconf 88' lang='lat' dir='ltr'>codicibus</span> <span class='ocrx_word' id='word_1_261' title='bbox 1060 2658 1106 2702; x_wconf 87' lang='lat' dir='ltr'><strong><em>A</em></strong></span> <span class='ocrx_word' id='word_1_262' title='bbox 1149 2659 1197 2704; x_wconf 91' lang='lat' dir='ltr'>et</span> <span class='ocrx_word' id='word_1_263' title='bbox 1235 2658 1294 2703; x_wconf 88' lang='lat' dir='ltr'><em>H</em></span> <span class='ocrx_word' id='word_1_264' title='bbox 1327 2658 1534 2718; x_wconf 89' lang='lat' dir='ltr'>constat,</span> <span class='ocrx_word' id='word_1_265' title='bbox 1574 2655 1626 2701; x_wconf 90' lang='lat' dir='ltr'>in</span> <span class='ocrx_word' id='word_1_266' title='bbox 1664 2653 1878 2702; x_wconf 90' lang='lat' dir='ltr'>secundo</span> 
     </span>
     <span class='ocr_line' id='line_1_35' title="bbox 195 2729 1590 2794; baseline -0.002 -16"><span class='ocrx_word' id='word_1_267' title='bbox 195 2731 246 2778; x_wconf 88' lang='lat' dir='ltr'><em>D</em></span> <span class='ocrx_word' id='word_1_268' title='bbox 286 2730 622 2778; x_wconf 90' lang='lat' dir='ltr'>numerandus</span> <span class='ocrx_word' id='word_1_269' title='bbox 662 2732 749 2794; x_wconf 89' lang='lat' dir='ltr'>est,</span> <span class='ocrx_word' id='word_1_270' title='bbox 791 2746 848 2777; x_wconf 80' lang='lat' dir='ltr'>ex</span> <span class='ocrx_word' id='word_1_271' title='bbox 888 2729 1164 2777; x_wconf 86' lang='lat' dir='ltr'>deterrimis</span> <span class='ocrx_word' id='word_1_272' title='bbox 1206 2733 1322 2778; x_wconf 87' lang='lat' dir='ltr'>sunt</span> <span class='ocrx_word' id='word_1_273' title='bbox 1362 2729 1404 2778; x_wconf 81' lang='lat' dir='ltr'><em>C</em></span> <span class='ocrx_word' id='word_1_274' title='bbox 1440 2732 1490 2777; x_wconf 90' lang='lat' dir='ltr'>et</span> <span class='ocrx_word' id='word_1_275' title='bbox 1528 2729 1590 2776; x_wconf 91' lang='lat' dir='ltr'>B.</span> 
     </span>
    </p>

    <p class='ocr_par' dir='ltr' id='par_1_7' title="bbox 196 2801 1881 3015">
     <span class='ocr_line' id='line_1_36' title="bbox 306 2801 1881 2866; baseline -0.003 -15"><span class='ocrx_word' id='word_1_276' title='bbox 306 2804 481 2866; x_wconf 88' lang='lat' dir='ltr'>Neque</span> <span class='ocrx_word' id='word_1_277' title='bbox 510 2803 1008 2865; x_wconf 89' lang='lat' dir='ltr'>praetermittendum</span> <span class='ocrx_word' id='word_1_278' title='bbox 1035 2807 1108 2852; x_wconf 89' lang='lat' dir='ltr'>est</span> <span class='ocrx_word' id='word_1_279' title='bbox 1139 2804 1308 2852; x_wconf 86' lang='lat' dir='ltr'>littera</span> <span class='ocrx_word' id='word_1_280' title='bbox 1328 2819 1360 2864; x_wconf 75' lang='lat'><em>9</em></span> <span class='ocrx_word' id='word_1_281' title='bbox 1385 2803 1588 2852; x_wconf 86' lang='lat' dir='ltr'>Gesneri</span> <span class='ocrx_word' id='word_1_282' title='bbox 1612 2801 1881 2853; x_wconf 83' lang='lat' dir='ltr'>editionem</span> 
     </span>
     <span class='ocr_line' id='line_1_37' title="bbox 197 2874 1878 2941; baseline -0.002 -16"><span class='ocrx_word' id='word_1_283' title='bbox 197 2878 315 2925; x_wconf 90' lang='lat' dir='ltr'>anni</span> <span class='ocrx_word' id='word_1_284' title='bbox 344 2880 483 2926; x_wconf 88' lang='grc'><strong>1774</strong></span> <span class='ocrx_word' id='word_1_285' title='bbox 510 2882 560 2925; x_wconf 92' lang='lat' dir='ltr'>et</span> <span class='ocrx_word' id='word_1_286' title='bbox 583 2894 606 2926; x_wconf 80' lang='lat' dir='ltr'>s</span> <span class='ocrx_word' id='word_1_287' title='bbox 632 2878 914 2925; x_wconf 82' lang='lat' dir='ltr'>Schneideri</span> <span class='ocrx_word' id='word_1_288' title='bbox 940 2880 1076 2926; x_wconf 84' lang='lat'>1795</span> <span class='ocrx_word' id='word_1_289' title='bbox 1106 2878 1387 2941; x_wconf 88' lang='lat' dir='ltr'>significari,</span> <span class='ocrx_word' id='word_1_290' title='bbox 1415 2878 1535 2925; x_wconf 92' lang='lat' dir='ltr'>item</span> <span class='ocrx_word' id='word_1_291' title='bbox 1558 2876 1722 2925; x_wconf 86' lang='lat' dir='ltr'>varias</span> <span class='ocrx_word' id='word_1_292' title='bbox 1747 2874 1878 2923; x_wconf 91' lang='lat' dir='ltr'>codi-</span> 
     </span>
     <span class='ocr_line' id='line_1_38' title="bbox 196 2949 1878 3015; baseline -0.003 -14"><span class='ocrx_word' id='word_1_293' title='bbox 196 2969 309 3001; x_wconf 89' lang='lat' dir='ltr'>cum</span> <span class='ocrx_word' id='word_1_294' title='bbox 341 2967 518 3000; x_wconf 90' lang='lat' dir='ltr'>manus</span> <span class='ocrx_word' id='word_1_295' title='bbox 548 2953 779 3014; x_wconf 90' lang='lat' dir='ltr'>numeris,</span> <span class='ocrx_word' id='word_1_296' title='bbox 821 2951 907 3013; x_wconf 90' lang='lat' dir='ltr'>qui</span> <span class='ocrx_word' id='word_1_297' title='bbox 940 2951 1122 3000; x_wconf 86' lang='lat' dir='ltr'>litteris</span> <span class='ocrx_word' id='word_1_298' title='bbox 1154 2952 1390 3014; x_wconf 87' lang='lat' dir='ltr'>adscripti</span> <span class='ocrx_word' id='word_1_299' title='bbox 1422 2954 1553 3015; x_wconf 88' lang='lat' dir='ltr'>sunt,</span> <span class='ocrx_word' id='word_1_300' title='bbox 1583 2952 1643 2998; x_wconf 93' lang='lat' dir='ltr'>ut</span> <span class='ocrx_word' id='word_1_301' title='bbox 1674 2949 1878 2997; x_wconf 89' lang='lat' dir='ltr'>adsolet.</span> 
     </span>
    </p>
   </div>
  </div>
 </body>
</html>
