<?xml version="1.0" encoding="UTF-8"?>
<!DOCTYPE html PUBLIC "-//W3C//DTD XHTML 1.0 Transitional//EN"
    "http://www.w3.org/TR/xhtml1/DTD/xhtml1-transitional.dtd">
<html xmlns="http://www.w3.org/1999/xhtml" xml:lang="en" lang="en">
 <head>
  <title>
</title>
<meta http-equiv="Content-Type" content="text/html;charset=utf-8" />
  <meta name='ocr-system' content='tesseract 3.04.00' />
  <meta name='ocr-capabilities' content='ocr_page ocr_carea ocr_par ocr_line ocrx_word'/>
</head>
<body>
  <div class='ocr_page' id='page_1' title='image "./palladiirvtiliit00palluoft_0064.png"; bbox 0 0 2014 3169; ppageno 0'>
   <div class='ocr_carea' id='block_1_1' title="bbox 195 106 1179 161">
    <p class='ocr_par' dir='ltr' id='par_1_1' title="bbox 195 106 1179 161">
     <span class='ocr_line' id='line_1_1' title="bbox 195 106 1179 161; baseline -0.014 0"><span class='ocrx_word' id='word_1_1' title='bbox 195 110 269 161; x_wconf 79' lang='lat'>44</span> <span class='ocrx_word' id='word_1_2' title='bbox 896 106 1179 150; x_wconf 72' lang='lat' dir='ltr'><strong>PALLADE</strong></span> 
     </span>
    </p>
   </div>
   <div class='ocr_carea' id='block_1_2' title="bbox 114 227 1956 1926">
    <p class='ocr_par' dir='ltr' id='par_1_2' title="bbox 197 227 1880 299">
     <span class='ocr_line' id='line_1_2' title="bbox 197 227 1880 299; baseline -0.002 -17"><span class='ocrx_word' id='word_1_3' title='bbox 197 233 538 299; x_wconf 88' lang='lat' dir='ltr'>praeparata,</span> <span class='ocrx_word' id='word_1_4' title='bbox 585 228 778 298; x_wconf 89' lang='lat' dir='ltr'>quibus</span> <span class='ocrx_word' id='word_1_5' title='bbox 819 227 1116 295; x_wconf 75' lang='lat' dir='ltr'>excipiatur</span> <span class='ocrx_word' id='word_1_6' title='bbox 1159 229 1463 280; x_wconf 83' lang='lat' dir='ltr'>examinum</span> <span class='ocrx_word' id='word_1_7' title='bbox 1503 227 1651 279; x_wconf 90' lang='lat' dir='ltr'>rudis</span> <span class='ocrx_word' id='word_1_8' title='bbox 1692 227 1880 279; x_wconf 90' lang='lat' dir='ltr'>iuuen-</span> 
     </span>
    </p>

    <p class='ocr_par' dir='ltr' id='par_1_3' title="bbox 127 301 1880 446">
     <span class='ocr_line' id='line_1_3' title="bbox 127 301 1880 367; baseline -0.002 -10"><span class='ocrx_word' id='word_1_9' title='bbox 127 305 160 357; x_wconf 78' lang='grc' dir='ltr'><em>ὃ</em></span> <span class='ocrx_word' id='word_1_10' title='bbox 200 308 302 356; x_wconf 73' lang='lat' dir='ltr'>tus,</span> <span class='ocrx_word' id='word_1_11' title='bbox 376 304 580 355; x_wconf 90' lang='lat' dir='ltr'>uitetur</span> <span class='ocrx_word' id='word_1_12' title='bbox 628 302 758 354; x_wconf 91' lang='lat' dir='ltr'>odor</span> <span class='ocrx_word' id='word_1_13' title='bbox 809 302 959 354; x_wconf 91' lang='lat' dir='ltr'>coeni</span> <span class='ocrx_word' id='word_1_14' title='bbox 1008 306 1062 353; x_wconf 92' lang='lat' dir='ltr'>et</span> <span class='ocrx_word' id='word_1_15' title='bbox 1110 321 1298 355; x_wconf 79' lang='lat' dir='ltr'>cancer</span> <span class='ocrx_word' id='word_1_16' title='bbox 1345 305 1564 354; x_wconf 91' lang='lat' dir='ltr'>exustus</span> <span class='ocrx_word' id='word_1_17' title='bbox 1614 308 1668 353; x_wconf 88' lang='lat' dir='ltr'>et</span> <span class='ocrx_word' id='word_1_18' title='bbox 1713 301 1880 367; x_wconf 80' lang='lat' dir='ltr'>locuS,</span> 
     </span>
     <span class='ocr_line' id='line_1_4' title="bbox 203 374 1880 446; baseline -0.001 -17"><span class='ocrx_word' id='word_1_19' title='bbox 203 377 294 446; x_wconf 87' lang='lat' dir='ltr'>qui</span> <span class='ocrx_word' id='word_1_20' title='bbox 345 378 410 429; x_wconf 90' lang='lat' dir='ltr'>ad</span> <span class='ocrx_word' id='word_1_21' title='bbox 456 377 749 428; x_wconf 86' lang='lat' dir='ltr'>humanam</span> <span class='ocrx_word' id='word_1_22' title='bbox 795 393 983 428; x_wconf 91' lang='lat' dir='ltr'>uocem</span> <span class='ocrx_word' id='word_1_23' title='bbox 1030 375 1167 427; x_wconf 90' lang='lat' dir='ltr'>falsa</span> <span class='ocrx_word' id='word_1_24' title='bbox 1220 374 1522 428; x_wconf 70' lang='lat' dir='ltr'>imitatione</span> <span class='ocrx_word' id='word_1_25' title='bbox 1578 375 1880 443; x_wconf 82' lang='lat' dir='ltr'>respondet.</span> 
     </span>
    </p>

    <p class='ocr_par' dir='ltr' id='par_1_4' title="bbox 115 449 1951 652">
     <span class='ocr_line' id='line_1_5' title="bbox 115 449 1881 517; baseline -0.002 -14"><span class='ocrx_word' id='word_1_26' title='bbox 115 477 117 479; x_wconf 91' lang='lat'>·</span> <span class='ocrx_word' id='word_1_27' title='bbox 203 452 384 503; x_wconf 91' lang='lat' dir='ltr'>absint</span> <span class='ocrx_word' id='word_1_28' title='bbox 425 454 478 502; x_wconf 89' lang='lat' dir='ltr'>et</span> <span class='ocrx_word' id='word_1_29' title='bbox 516 450 716 502; x_wconf 85' lang='lat' dir='ltr'>herbae</span> <span class='ocrx_word' id='word_1_30' title='bbox 757 449 1121 517; x_wconf 71' lang='lat' dir='ltr'>tithymallus,</span> <span class='ocrx_word' id='word_1_31' title='bbox 1162 450 1482 516; x_wconf 77' lang='lat' dir='ltr'>elleborum,</span> <span class='ocrx_word' id='word_1_32' title='bbox 1521 449 1754 517; x_wconf 82' lang='lat' dir='ltr'>thapsia,</span> <span class='ocrx_word' id='word_1_33' title='bbox 1793 450 1881 500; x_wconf 90' lang='lat' dir='ltr'>ab-</span> 
     </span>
     <span class='ocr_line' id='line_1_6' title="bbox 203 523 1951 592; baseline -0.002 -15"><span class='ocrx_word' id='word_1_34' title='bbox 203 525 490 592; x_wconf 84' lang='lat' dir='ltr'>sinthium,</span> <span class='ocrx_word' id='word_1_35' title='bbox 539 524 777 576; x_wconf 82' lang='lat' dir='ltr'>cucumis</span> <span class='ocrx_word' id='word_1_36' title='bbox 824 523 1055 592; x_wconf 88' lang='lat' dir='ltr'>agrestis</span> <span class='ocrx_word' id='word_1_37' title='bbox 1105 528 1158 575; x_wconf 92' lang='lat' dir='ltr'>et</span> <span class='ocrx_word' id='word_1_38' title='bbox 1199 524 1373 576; x_wconf 91' lang='lat' dir='ltr'>omnis</span> <span class='ocrx_word' id='word_1_39' title='bbox 1414 523 1716 575; x_wconf 84' lang='lat' dir='ltr'>amaritudo</span> <span class='ocrx_word' id='word_1_40' title='bbox 1759 540 1878 576; x_wconf 90' lang='lat' dir='ltr'>con·</span> <span class='ocrx_word' id='word_1_41' title='bbox 1928 541 1951 573; x_wconf 87' lang='lat'><strong>5</strong></span> 
     </span>
     <span class='ocr_line' id='line_1_7' title="bbox 201 597 1048 652; baseline -0.002 -2"><span class='ocrx_word' id='word_1_42' title='bbox 201 599 458 652; x_wconf 88' lang='lat' dir='ltr'>ficiendae</span> <span class='ocrx_word' id='word_1_43' title='bbox 499 599 724 650; x_wconf 90' lang='lat' dir='ltr'>aduersa</span> <span class='ocrx_word' id='word_1_44' title='bbox 765 597 1048 649; x_wconf 86' lang='lat' dir='ltr'>dulcedini.</span> 
     </span>
    </p>

    <p class='ocr_par' dir='ltr' id='par_1_5' title="bbox 114 669 1884 775">
     <span class='ocr_line' id='line_1_8' title="bbox 114 669 1884 775; baseline -0.003 -49"><span class='ocrx_word' id='word_1_45' title='bbox 114 675 145 726; x_wconf 83' lang='lat'>6</span> <span class='ocrx_word' id='word_1_46' title='bbox 159 716 477 775; x_wconf 71' lang='lat' dir='ltr'>(XXXVIII</span> <span class='ocrx_word' id='word_1_47' title='bbox 627 672 881 723; x_wconf 90' lang='lat' dir='ltr'>Aluearia</span> <span class='ocrx_word' id='word_1_48' title='bbox 921 671 1146 722; x_wconf 80' lang='lat' dir='ltr'>meliora</span> <span class='ocrx_word' id='word_1_49' title='bbox 1187 674 1333 739; x_wconf 88' lang='lat' dir='ltr'>sunt,</span> <span class='ocrx_word' id='word_1_50' title='bbox 1381 689 1514 738; x_wconf 87' lang='lat' dir='ltr'>quae</span> <span class='ocrx_word' id='word_1_51' title='bbox 1557 673 1741 722; x_wconf 84' lang='lat' dir='ltr'>cortex</span> <span class='ocrx_word' id='word_1_52' title='bbox 1780 669 1884 721; x_wconf 80' lang='lat' dir='ltr'>for-</span> 
     </span>
    </p>

    <p class='ocr_par' dir='ltr' id='par_1_6' title="bbox 201 715 1954 1110">
     <span class='ocr_line' id='line_1_9' title="bbox 479 715 1884 813; baseline -0.002 -16"><span class='ocrx_word' id='word_1_53' title='bbox 479 715 500 786; x_wconf 64' lang='lat'><em>)</em></span> <span class='ocrx_word' id='word_1_54' title='bbox 556 746 728 797; x_wconf 90' lang='lat' dir='ltr'>mabit</span> <span class='ocrx_word' id='word_1_55' title='bbox 762 749 950 813; x_wconf 90' lang='lat' dir='ltr'>raptus</span> <span class='ocrx_word' id='word_1_56' title='bbox 985 763 1048 797; x_wconf 90' lang='lat' dir='ltr'>ex</span> <span class='ocrx_word' id='word_1_57' title='bbox 1081 746 1285 813; x_wconf 89' lang='lat' dir='ltr'>subere,</span> <span class='ocrx_word' id='word_1_58' title='bbox 1319 745 1443 812; x_wconf 90' lang='lat' dir='ltr'>quia</span> <span class='ocrx_word' id='word_1_59' title='bbox 1473 761 1582 795; x_wconf 89' lang='lat' dir='ltr'>non</span> <span class='ocrx_word' id='word_1_60' title='bbox 1608 743 1884 796; x_wconf 91' lang='lat' dir='ltr'>transmit-</span> 
     </span>
     <span class='ocr_line' id='line_1_10' title="bbox 201 817 1883 888; baseline -0.003 -15"><span class='ocrx_word' id='word_1_61' title='bbox 201 824 328 873; x_wconf 93' lang='lat' dir='ltr'>tunt</span> <span class='ocrx_word' id='word_1_62' title='bbox 359 819 471 872; x_wconf 93' lang='lat' dir='ltr'>uim</span> <span class='ocrx_word' id='word_1_63' title='bbox 502 819 724 888; x_wconf 88' lang='lat' dir='ltr'>frigoris</span> <span class='ocrx_word' id='word_1_64' title='bbox 761 824 854 871; x_wconf 89' lang='lat' dir='ltr'>aut</span> <span class='ocrx_word' id='word_1_65' title='bbox 889 819 1096 871; x_wconf 81' lang='lat' dir='ltr'>caloriS.</span> <span class='ocrx_word' id='word_1_66' title='bbox 1156 822 1384 887; x_wconf 83' lang='lat' dir='ltr'>possunt</span> <span class='ocrx_word' id='word_1_67' title='bbox 1410 823 1592 870; x_wconf 87' lang='lat' dir='ltr'>tamen</span> <span class='ocrx_word' id='word_1_68' title='bbox 1618 823 1671 869; x_wconf 87' lang='lat' dir='ltr'>et</span> <span class='ocrx_word' id='word_1_69' title='bbox 1695 817 1883 869; x_wconf 87' lang='lat' dir='ltr'>ferulis</span> 
     </span>
     <span class='ocr_line' id='line_1_11' title="bbox 201 891 1954 962; baseline -0.003 -15"><span class='ocrx_word' id='word_1_70' title='bbox 201 895 332 947; x_wconf 89' lang='lat' dir='ltr'>fieri.</span> <span class='ocrx_word' id='word_1_71' title='bbox 412 895 457 946; x_wconf 92' lang='lat' dir='ltr'>si</span> <span class='ocrx_word' id='word_1_72' title='bbox 503 894 635 945; x_wconf 90' lang='lat' dir='ltr'>haec</span> <span class='ocrx_word' id='word_1_73' title='bbox 684 894 883 957; x_wconf 87' lang='lat' dir='ltr'>desint,</span> <span class='ocrx_word' id='word_1_74' title='bbox 935 892 1159 962; x_wconf 78' lang='lat' dir='ltr'>salignis</span> <span class='ocrx_word' id='word_1_75' title='bbox 1208 893 1504 944; x_wconf 89' lang='lat' dir='ltr'>uiminibus</span> <span class='ocrx_word' id='word_1_76' title='bbox 1552 891 1884 944; x_wconf 85' lang='lat' dir='ltr'>fabricentur</span> <span class='ocrx_word' id='word_1_77' title='bbox 1911 912 1954 942; x_wconf 84' lang='lat'>10</span> 
     </span>
     <span class='ocr_line' id='line_1_12' title="bbox 201 967 1883 1038; baseline -0.002 -17"><span class='ocrx_word' id='word_1_78' title='bbox 201 970 288 1021; x_wconf 88' lang='lat' dir='ltr'>uel</span> <span class='ocrx_word' id='word_1_79' title='bbox 338 969 487 1038; x_wconf 84' lang='lat' dir='ltr'>ligno</span> <span class='ocrx_word' id='word_1_80' title='bbox 536 972 757 1020; x_wconf 90' lang='lat' dir='ltr'>cauatae</span> <span class='ocrx_word' id='word_1_81' title='bbox 800 968 1007 1018; x_wconf 91' lang='lat' dir='ltr'>arboris</span> <span class='ocrx_word' id='word_1_82' title='bbox 1049 970 1144 1018; x_wconf 91' lang='lat' dir='ltr'>aut</span> <span class='ocrx_word' id='word_1_83' title='bbox 1183 967 1383 1018; x_wconf 91' lang='lat' dir='ltr'>tabulis</span> <span class='ocrx_word' id='word_1_84' title='bbox 1424 984 1571 1018; x_wconf 91' lang='lat' dir='ltr'>more</span> <span class='ocrx_word' id='word_1_85' title='bbox 1613 984 1883 1033; x_wconf 90' lang='lat' dir='ltr'>cuparum.</span> 
     </span>
     <span class='ocr_line' id='line_1_13' title="bbox 202 1040 1886 1110; baseline -0.003 -15"><span class='ocrx_word' id='word_1_86' title='bbox 202 1043 395 1096; x_wconf 88' lang='lat' dir='ltr'>fictilia</span> <span class='ocrx_word' id='word_1_87' title='bbox 450 1041 740 1094; x_wconf 89' lang='lat' dir='ltr'>deterrima</span> <span class='ocrx_word' id='word_1_88' title='bbox 796 1044 942 1109; x_wconf 90' lang='lat' dir='ltr'>sunt,</span> <span class='ocrx_word' id='word_1_89' title='bbox 999 1059 1133 1109; x_wconf 87' lang='lat' dir='ltr'>quae</span> <span class='ocrx_word' id='word_1_90' title='bbox 1190 1045 1243 1092; x_wconf 90' lang='lat' dir='ltr'>et</span> <span class='ocrx_word' id='word_1_91' title='bbox 1298 1041 1473 1092; x_wconf 90' lang='lat' dir='ltr'>hieme</span> <span class='ocrx_word' id='word_1_92' title='bbox 1529 1040 1782 1110; x_wconf 83' lang='lat' dir='ltr'>gelantur</span> <span class='ocrx_word' id='word_1_93' title='bbox 1832 1042 1886 1090; x_wconf 89' lang='lat' dir='ltr'>et</span> 
     </span>
    </p>

    <p class='ocr_par' dir='ltr' id='par_1_7' title="bbox 116 1113 1956 1777">
     <span class='ocr_line' id='line_1_14' title="bbox 116 1113 1886 1187; baseline -0.002 -20"><span class='ocrx_word' id='word_1_94' title='bbox 116 1117 143 1167; x_wconf 81' lang='lat'><strong>7</strong></span> <span class='ocrx_word' id='word_1_95' title='bbox 175 1114 257 1187; x_wconf 75' lang='lat'>(2)</span> <span class='ocrx_word' id='word_1_96' title='bbox 337 1119 543 1169; x_wconf 87' lang='lat' dir='ltr'>aestate</span> <span class='ocrx_word' id='word_1_97' title='bbox 575 1116 898 1167; x_wconf 88' lang='lat' dir='ltr'>feruescunt.</span> <span class='ocrx_word' id='word_1_98' title='bbox 964 1115 1055 1166; x_wconf 92' lang='lat' dir='ltr'>sed</span> <span class='ocrx_word' id='word_1_99' title='bbox 1087 1115 1229 1167; x_wconf 92' lang='lat' dir='ltr'>inter</span> <span class='ocrx_word' id='word_1_100' title='bbox 1262 1133 1322 1166; x_wconf 91' lang='lat' dir='ltr'>ea</span> <span class='ocrx_word' id='word_1_101' title='bbox 1353 1115 1488 1183; x_wconf 91' lang='lat' dir='ltr'>loca,</span> <span class='ocrx_word' id='word_1_102' title='bbox 1520 1131 1654 1182; x_wconf 89' lang='lat' dir='ltr'>quae</span> <span class='ocrx_word' id='word_1_103' title='bbox 1687 1113 1886 1164; x_wconf 87' lang='lat' dir='ltr'>muniri</span> 
     </span>
     <span class='ocr_line' id='line_1_15' title="bbox 206 1187 1886 1259; baseline -0.003 -16"><span class='ocrx_word' id='word_1_104' title='bbox 206 1192 396 1243; x_wconf 90' lang='lat' dir='ltr'>debere</span> <span class='ocrx_word' id='word_1_105' title='bbox 436 1190 698 1259; x_wconf 89' lang='lat' dir='ltr'>praecepi,</span> <span class='ocrx_word' id='word_1_106' title='bbox 738 1189 899 1258; x_wconf 88' lang='lat' dir='ltr'>podia</span> <span class='ocrx_word' id='word_1_107' title='bbox 939 1189 1106 1240; x_wconf 88' lang='lat' dir='ltr'>ternis</span> <span class='ocrx_word' id='word_1_108' title='bbox 1149 1189 1259 1240; x_wconf 87' lang='lat' dir='ltr'>alta</span> <span class='ocrx_word' id='word_1_109' title='bbox 1295 1189 1520 1256; x_wconf 89' lang='lat' dir='ltr'>pedibus</span> <span class='ocrx_word' id='word_1_110' title='bbox 1555 1187 1886 1239; x_wconf 86' lang='lat' dir='ltr'>fabricentur</span> 
     </span>
     <span class='ocr_line' id='line_1_16' title="bbox 203 1261 1955 1331; baseline -0.003 -14"><span class='ocrx_word' id='word_1_111' title='bbox 203 1266 423 1317; x_wconf 69' lang='lat' dir='ltr'>inducta</span> <span class='ocrx_word' id='word_1_112' title='bbox 462 1268 699 1316; x_wconf 89' lang='lat' dir='ltr'>testaceo</span> <span class='ocrx_word' id='word_1_113' title='bbox 742 1267 796 1315; x_wconf 92' lang='lat' dir='ltr'>et</span> <span class='ocrx_word' id='word_1_114' title='bbox 837 1263 1043 1314; x_wconf 90' lang='lat' dir='ltr'>albario</span> <span class='ocrx_word' id='word_1_115' title='bbox 1087 1281 1244 1331; x_wconf 90' lang='lat' dir='ltr'>opere</span> <span class='ocrx_word' id='word_1_116' title='bbox 1284 1262 1522 1331; x_wconf 82' lang='lat' dir='ltr'>lenigata</span> <span class='ocrx_word' id='word_1_117' title='bbox 1560 1264 1782 1329; x_wconf 90' lang='lat' dir='ltr'>propter</span> <span class='ocrx_word' id='word_1_118' title='bbox 1812 1261 1887 1312; x_wconf 90' lang='lat' dir='ltr'>la·</span> <span class='ocrx_word' id='word_1_119' title='bbox 1912 1281 1955 1312; x_wconf 82' lang='lat'>15</span> 
     </span>
     <span class='ocr_line' id='line_1_17' title="bbox 207 1337 1887 1405; baseline -0.003 -14"><span class='ocrx_word' id='word_1_120' title='bbox 207 1344 478 1400; x_wconf 84' lang='lat' dir='ltr'>certorum</span> <span class='ocrx_word' id='word_1_121' title='bbox 520 1342 929 1405; x_wconf 88' lang='lat' dir='ltr'>ceterorumque</span> <span class='ocrx_word' id='word_1_122' title='bbox 972 1337 1286 1388; x_wconf 87' lang='lat' dir='ltr'>animalium</span> <span class='ocrx_word' id='word_1_123' title='bbox 1323 1354 1534 1401; x_wconf 82' lang='lat' dir='ltr'>noxam,</span> <span class='ocrx_word' id='word_1_124' title='bbox 1577 1337 1770 1403; x_wconf 89' lang='lat' dir='ltr'>quibus</span> <span class='ocrx_word' id='word_1_125' title='bbox 1805 1338 1887 1387; x_wconf 90' lang='lat' dir='ltr'>est</span> 
     </span>
     <span class='ocr_line' id='line_1_18' title="bbox 206 1409 1886 1480; baseline -0.003 -15"><span class='ocrx_word' id='word_1_126' title='bbox 206 1414 371 1466; x_wconf 90' lang='lat' dir='ltr'>moris</span> <span class='ocrx_word' id='word_1_127' title='bbox 428 1414 693 1480; x_wconf 87' lang='lat' dir='ltr'>inrepere:</span> <span class='ocrx_word' id='word_1_128' title='bbox 750 1415 804 1463; x_wconf 92' lang='lat' dir='ltr'>et</span> <span class='ocrx_word' id='word_1_129' title='bbox 861 1429 1023 1478; x_wconf 88' lang='lat' dir='ltr'>supra</span> <span class='ocrx_word' id='word_1_130' title='bbox 1076 1412 1206 1463; x_wconf 89' lang='lat' dir='ltr'>haec</span> <span class='ocrx_word' id='word_1_131' title='bbox 1256 1409 1417 1478; x_wconf 89' lang='lat' dir='ltr'>podia</span> <span class='ocrx_word' id='word_1_132' title='bbox 1472 1410 1708 1462; x_wconf 86' lang='lat' dir='ltr'>aluearia</span> <span class='ocrx_word' id='word_1_133' title='bbox 1766 1427 1886 1462; x_wconf 91' lang='lat' dir='ltr'>con-</span> 
     </span>
     <span class='ocr_line' id='line_1_19' title="bbox 208 1482 1888 1555; baseline -0.004 -15"><span class='ocrx_word' id='word_1_134' title='bbox 208 1489 454 1540; x_wconf 86' lang='lat' dir='ltr'>locentur</span> <span class='ocrx_word' id='word_1_135' title='bbox 493 1487 585 1555; x_wconf 90' lang='lat' dir='ltr'>ita,</span> <span class='ocrx_word' id='word_1_136' title='bbox 624 1489 685 1537; x_wconf 90' lang='lat' dir='ltr'>ut</span> <span class='ocrx_word' id='word_1_137' title='bbox 724 1505 832 1537; x_wconf 93' lang='lat' dir='ltr'>non</span> <span class='ocrx_word' id='word_1_138' title='bbox 865 1485 1076 1553; x_wconf 87' lang='lat' dir='ltr'>possint</span> <span class='ocrx_word' id='word_1_139' title='bbox 1109 1485 1280 1536; x_wconf 89' lang='lat' dir='ltr'>imbre</span> <span class='ocrx_word' id='word_1_140' title='bbox 1315 1484 1598 1552; x_wconf 91' lang='lat' dir='ltr'>penetrari,</span> <span class='ocrx_word' id='word_1_141' title='bbox 1641 1482 1888 1551; x_wconf 88' lang='lat' dir='ltr'>spatiolis</span> 
     </span>
     <span class='ocr_line' id='line_1_20' title="bbox 206 1557 1887 1629; baseline -0.003 -16"><span class='ocrx_word' id='word_1_142' title='bbox 206 1563 347 1613; x_wconf 88' lang='lat' dir='ltr'>inter</span> <span class='ocrx_word' id='word_1_143' title='bbox 389 1579 444 1612; x_wconf 89' lang='lat' dir='ltr'>se</span> <span class='ocrx_word' id='word_1_144' title='bbox 483 1560 795 1629; x_wconf 87' lang='lat' dir='ltr'>patentibus</span> <span class='ocrx_word' id='word_1_145' title='bbox 835 1562 1134 1629; x_wconf 88' lang='lat' dir='ltr'>segregata.</span> <span class='ocrx_word' id='word_1_146' title='bbox 1199 1562 1459 1628; x_wconf 90' lang='lat' dir='ltr'>angustus</span> <span class='ocrx_word' id='word_1_147' title='bbox 1493 1561 1677 1610; x_wconf 88' lang='lat' dir='ltr'>tamen</span> <span class='ocrx_word' id='word_1_148' title='bbox 1709 1557 1887 1609; x_wconf 92' lang='lat' dir='ltr'>aditus</span> 
     </span>
     <span class='ocr_line' id='line_1_21' title="bbox 207 1631 1956 1701; baseline -0.003 -14"><span class='ocrx_word' id='word_1_149' title='bbox 207 1636 464 1687; x_wconf 88' lang='lat' dir='ltr'>admittat</span> <span class='ocrx_word' id='word_1_150' title='bbox 505 1634 751 1687; x_wconf 89' lang='lat' dir='ltr'>examina</span> <span class='ocrx_word' id='word_1_151' title='bbox 789 1637 1011 1701; x_wconf 90' lang='lat' dir='ltr'>propter</span> <span class='ocrx_word' id='word_1_152' title='bbox 1053 1633 1272 1701; x_wconf 89' lang='lat' dir='ltr'>frigoris</span> <span class='ocrx_word' id='word_1_153' title='bbox 1306 1635 1359 1684; x_wconf 91' lang='lat' dir='ltr'>et</span> <span class='ocrx_word' id='word_1_154' title='bbox 1392 1632 1585 1684; x_wconf 84' lang='lat' dir='ltr'>caloris</span> <span class='ocrx_word' id='word_1_155' title='bbox 1620 1631 1886 1683; x_wconf 89' lang='lat' dir='ltr'>iniuriam.</span> <span class='ocrx_word' id='word_1_156' title='bbox 1914 1651 1956 1682; x_wconf 68' lang='lat'>20</span> 
     </span>
     <span class='ocr_line' id='line_1_22' title="bbox 208 1706 1888 1777; baseline -0.003 -16"><span class='ocrx_word' id='word_1_157' title='bbox 208 1728 334 1762; x_wconf 89' lang='lat' dir='ltr'>sane</span> <span class='ocrx_word' id='word_1_158' title='bbox 359 1709 536 1764; x_wconf 88' lang='lat' dir='ltr'>uentis</span> <span class='ocrx_word' id='word_1_159' title='bbox 562 1707 937 1777; x_wconf 81' lang='lat' dir='ltr'>frigidioribus</span> <span class='ocrx_word' id='word_1_160' title='bbox 964 1707 1105 1759; x_wconf 89' lang='lat' dir='ltr'>altus</span> <span class='ocrx_word' id='word_1_161' title='bbox 1132 1706 1307 1775; x_wconf 88' lang='lat' dir='ltr'>paries</span> <span class='ocrx_word' id='word_1_162' title='bbox 1333 1707 1568 1773; x_wconf 88' lang='lat' dir='ltr'>resistat,</span> <span class='ocrx_word' id='word_1_163' title='bbox 1596 1706 1686 1773; x_wconf 91' lang='lat' dir='ltr'>qui</span> <span class='ocrx_word' id='word_1_164' title='bbox 1708 1706 1888 1757; x_wconf 90' lang='lat' dir='ltr'>locum</span> 
     </span>
    </p>

    <p class='ocr_par' dir='ltr' id='par_1_8' title="bbox 120 1779 1892 1926">
     <span class='ocr_line' id='line_1_23' title="bbox 120 1779 1890 1854; baseline -0.004 -17"><span class='ocrx_word' id='word_1_165' title='bbox 120 1784 151 1836; x_wconf 77' lang='grc'>8</span> <span class='ocrx_word' id='word_1_166' title='bbox 179 1782 265 1854; x_wconf 77' lang='lat'>(3)</span> <span class='ocrx_word' id='word_1_167' title='bbox 343 1784 518 1852; x_wconf 89' lang='lat' dir='ltr'>possit</span> <span class='ocrx_word' id='word_1_168' title='bbox 550 1782 781 1834; x_wconf 89' lang='lat' dir='ltr'>defensis</span> <span class='ocrx_word' id='word_1_169' title='bbox 816 1782 1031 1833; x_wconf 92' lang='lat' dir='ltr'>sedibus</span> <span class='ocrx_word' id='word_1_170' title='bbox 1066 1782 1322 1850; x_wconf 91' lang='lat' dir='ltr'>apricare.</span> <span class='ocrx_word' id='word_1_171' title='bbox 1376 1781 1551 1832; x_wconf 90' lang='lat' dir='ltr'>aditus</span> <span class='ocrx_word' id='word_1_172' title='bbox 1579 1797 1762 1832; x_wconf 91' lang='lat' dir='ltr'>omnes</span> <span class='ocrx_word' id='word_1_173' title='bbox 1789 1779 1890 1831; x_wconf 90' lang='lat' dir='ltr'>soli</span> 
     </span>
     <span class='ocr_line' id='line_1_24' title="bbox 210 1854 1892 1926; baseline -0.004 -16"><span class='ocrx_word' id='word_1_174' title='bbox 210 1859 553 1926; x_wconf 91' lang='lat' dir='ltr'>obponantur</span> <span class='ocrx_word' id='word_1_175' title='bbox 593 1857 842 1921; x_wconf 85' lang='lat' dir='ltr'>hibernO,</span> <span class='ocrx_word' id='word_1_176' title='bbox 892 1856 981 1923; x_wconf 90' lang='lat' dir='ltr'>qui</span> <span class='ocrx_word' id='word_1_177' title='bbox 1025 1855 1081 1907; x_wconf 93' lang='lat' dir='ltr'>in</span> <span class='ocrx_word' id='word_1_178' title='bbox 1120 1874 1227 1908; x_wconf 93' lang='lat' dir='ltr'>uno</span> <span class='ocrx_word' id='word_1_179' title='bbox 1270 1855 1468 1907; x_wconf 86' lang='lat' dir='ltr'>cortice</span> <span class='ocrx_word' id='word_1_180' title='bbox 1509 1854 1613 1906; x_wconf 89' lang='lat' dir='ltr'>duo</span> <span class='ocrx_word' id='word_1_181' title='bbox 1653 1854 1740 1906; x_wconf 91' lang='lat' dir='ltr'>uel</span> <span class='ocrx_word' id='word_1_182' title='bbox 1780 1857 1892 1905; x_wconf 89' lang='lat' dir='ltr'>tres</span> 
     </span>
    </p>
   </div>
   <div class='ocr_carea' id='block_1_3' title="bbox 205 2072 1894 2964">
    <p class='ocr_par' dir='ltr' id='par_1_9' title="bbox 205 2072 1894 2964">
     <span class='ocr_line' id='line_1_25' title="bbox 328 2072 1890 2131; baseline -0.003 -13"><span class='ocrx_word' id='word_1_183' title='bbox 328 2082 349 2118; x_wconf 88' lang='lat'>1</span> <span class='ocrx_word' id='word_1_184' title='bbox 385 2076 610 2119; x_wconf 82' lang='lat' dir='ltr'>iubuntus</span> <span class='ocrx_word' id='word_1_185' title='bbox 633 2076 675 2118; x_wconf 91' lang='lat' dir='ltr'><em>L</em></span> <span class='ocrx_word' id='word_1_186' title='bbox 700 2078 713 2130; x_wconf 82' lang='grc' dir='ltr'>Η</span> <span class='ocrx_word' id='word_1_187' title='bbox 740 2080 763 2117; x_wconf 81' lang='lat'>2</span> <span class='ocrx_word' id='word_1_188' title='bbox 790 2074 966 2117; x_wconf 88' lang='lat' dir='ltr'>uitetur</span> <span class='ocrx_word' id='word_1_189' title='bbox 990 2088 1070 2117; x_wconf 85' lang='lat' dir='ltr'>om.</span> <span class='ocrx_word' id='word_1_190' title='bbox 1093 2089 1128 2130; x_wconf 74' lang='lat' dir='ltr'>p</span> <span class='ocrx_word' id='word_1_191' title='bbox 1157 2076 1161 2131; x_wconf 71' lang='lat' dir='ltr'><strong>j</strong></span> <span class='ocrx_word' id='word_1_192' title='bbox 1192 2073 1405 2117; x_wconf 85' lang='lat' dir='ltr'>stercoris</span> <span class='ocrx_word' id='word_1_193' title='bbox 1433 2073 1513 2125; x_wconf 76' lang='lat' dir='ltr'>Vl,</span> <span class='ocrx_word' id='word_1_194' title='bbox 1541 2072 1672 2115; x_wconf 86' lang='lat' dir='ltr'>coeni</span> <span class='ocrx_word' id='word_1_195' title='bbox 1698 2086 1779 2116; x_wconf 87' lang='lat' dir='ltr'>om.</span> <span class='ocrx_word' id='word_1_196' title='bbox 1809 2072 1890 2126; x_wconf 80' lang='lat' dir='ltr'>V1,</span> 
     </span>
     <span class='ocr_line' id='line_1_26' title="bbox 205 2131 1892 2191; baseline -0.004 -11"><span class='ocrx_word' id='word_1_197' title='bbox 205 2138 305 2180; x_wconf 77' lang='lat' dir='ltr'>hab.</span> <span class='ocrx_word' id='word_1_198' title='bbox 327 2135 395 2178; x_wconf 74' lang='lat' dir='ltr'>V2</span> <span class='ocrx_word' id='word_1_199' title='bbox 411 2150 565 2190; x_wconf 70' lang='lat' dir='ltr'>supra,</span> <span class='ocrx_word' id='word_1_200' title='bbox 591 2134 687 2178; x_wconf 91' lang='lat' dir='ltr'>feni</span> <span class='ocrx_word' id='word_1_201' title='bbox 705 2135 754 2177; x_wconf 84' lang='lat' dir='ltr'><em>E</em></span> <span class='ocrx_word' id='word_1_202' title='bbox 780 2137 784 2191; x_wconf 72' lang='grc' dir='ltr'>Ι</span> <span class='ocrx_word' id='word_1_203' title='bbox 815 2134 1007 2176; x_wconf 86' lang='lat' dir='ltr'>adustus</span> <span class='ocrx_word' id='word_1_204' title='bbox 1032 2135 1228 2190; x_wconf 67' lang='lat' dir='ltr'>Tiacys</span> <span class='ocrx_word' id='word_1_205' title='bbox 1252 2136 1265 2189; x_wconf 84' lang='grc' dir='ltr'>ΙΙ</span> <span class='ocrx_word' id='word_1_206' title='bbox 1289 2139 1315 2175; x_wconf 81' lang='lat'>4</span> <span class='ocrx_word' id='word_1_207' title='bbox 1340 2132 1588 2175; x_wconf 86' lang='lat' dir='ltr'>titimallus</span> <span class='ocrx_word' id='word_1_208' title='bbox 1611 2132 1661 2188; x_wconf 72' lang='lat' dir='ltr'>Q,</span> <span class='ocrx_word' id='word_1_209' title='bbox 1683 2131 1892 2186; x_wconf 81' lang='lat' dir='ltr'>titymal-</span> 
     </span>
     <span class='ocr_line' id='line_1_27' title="bbox 206 2190 1889 2251; baseline -0.002 -13"><span class='ocrx_word' id='word_1_210' title='bbox 206 2196 278 2238; x_wconf 91' lang='lat' dir='ltr'>lus</span> <span class='ocrx_word' id='word_1_211' title='bbox 306 2196 354 2250; x_wconf 72' lang='lat' dir='ltr'>V,</span> <span class='ocrx_word' id='word_1_212' title='bbox 389 2194 649 2251; x_wconf 73' lang='lat' dir='ltr'>tytimallus</span> <span class='ocrx_word' id='word_1_213' title='bbox 684 2194 728 2247; x_wconf 72' lang='lat' dir='ltr'>S,</span> <span class='ocrx_word' id='word_1_214' title='bbox 763 2193 1004 2249; x_wconf 77' lang='lat' dir='ltr'>tytimalus</span> <span class='ocrx_word' id='word_1_215' title='bbox 1037 2194 1085 2247; x_wconf 78' lang='lat' dir='ltr'>T,</span> <span class='ocrx_word' id='word_1_216' title='bbox 1118 2192 1393 2248; x_wconf 84' lang='lat' dir='ltr'>tithymalus</span> <span class='ocrx_word' id='word_1_217' title='bbox 1425 2206 1459 2246; x_wconf 83' lang='lat' dir='ltr'>s,</span> <span class='ocrx_word' id='word_1_218' title='bbox 1492 2190 1788 2246; x_wconf 80' lang='lat' dir='ltr'>tithymallus</span> <span class='ocrx_word' id='word_1_219' title='bbox 1813 2196 1889 2235; x_wconf 82' lang='lat' dir='ltr'>cet.</span> 
     </span>
     <span class='ocr_line' id='line_1_28' title="bbox 208 2249 1892 2313; baseline -0.004 -15"><span class='ocrx_word' id='word_1_220' title='bbox 208 2256 302 2298; x_wconf 78' lang='lat' dir='ltr'>edd.</span> <span class='ocrx_word' id='word_1_221' title='bbox 336 2256 340 2313; x_wconf 88' lang='grc' dir='ltr'>Ι</span> <span class='ocrx_word' id='word_1_222' title='bbox 370 2254 623 2297; x_wconf 88' lang='lat' dir='ltr'>elleborum</span> <span class='ocrx_word' id='word_1_223' title='bbox 647 2253 683 2310; x_wconf 74' lang='lat' dir='ltr'><em>Q</em></span> <span class='ocrx_word' id='word_1_224' title='bbox 701 2253 835 2296; x_wconf 78' lang='lat' dir='ltr'>VST</span> <span class='ocrx_word' id='word_1_225' title='bbox 859 2274 861 2289; x_wconf 38' lang='grc' dir='ltr'>κ</span> <span class='ocrx_word' id='word_1_226' title='bbox 891 2252 1046 2308; x_wconf 84' lang='lat' dir='ltr'>tapsia</span> <span class='ocrx_word' id='word_1_227' title='bbox 1072 2266 1152 2296; x_wconf 81' lang='lat' dir='ltr'>om.</span> <span class='ocrx_word' id='word_1_228' title='bbox 1166 2267 1215 2308; x_wconf 73' lang='lat' dir='ltr'>p,</span> <span class='ocrx_word' id='word_1_229' title='bbox 1240 2250 1386 2294; x_wconf 84' lang='lat' dir='ltr'>tarsia</span> <span class='ocrx_word' id='word_1_230' title='bbox 1410 2252 1573 2294; x_wconf 74' lang='lat' dir='ltr'>habent</span> <span class='ocrx_word' id='word_1_231' title='bbox 1589 2249 1739 2303; x_wconf 81' lang='lat' dir='ltr'>LST,</span> <span class='ocrx_word' id='word_1_232' title='bbox 1764 2249 1892 2292; x_wconf 86' lang='lat' dir='ltr'>thar-</span> 
     </span>
     <span class='ocr_line' id='line_1_29' title="bbox 209 2309 1891 2371; baseline -0.004 -14"><span class='ocrx_word' id='word_1_233' title='bbox 209 2314 279 2357; x_wconf 86' lang='lat' dir='ltr'>sia</span> <span class='ocrx_word' id='word_1_234' title='bbox 308 2315 412 2371; x_wconf 68' lang='lat' dir='ltr'>QG,</span> <span class='ocrx_word' id='word_1_235' title='bbox 446 2313 635 2357; x_wconf 87' lang='lat' dir='ltr'>thabsia</span> <span class='ocrx_word' id='word_1_236' title='bbox 664 2313 721 2368; x_wconf 86' lang='lat' dir='ltr'>F,</span> <span class='ocrx_word' id='word_1_237' title='bbox 755 2311 963 2355; x_wconf 87' lang='lat' dir='ltr'>thabisia</span> <span class='ocrx_word' id='word_1_238' title='bbox 996 2313 1037 2354; x_wconf 74' lang='lat' dir='ltr'><em>V</em></span> <span class='ocrx_word' id='word_1_239' title='bbox 1065 2313 1114 2354; x_wconf 74' lang='lat' dir='ltr'>in</span> <span class='ocrx_word' id='word_1_240' title='bbox 1146 2326 1313 2355; x_wconf 75' lang='lat' dir='ltr'>rasura</span> <span class='ocrx_word' id='word_1_241' title='bbox 1342 2312 1346 2367; x_wconf 87' lang='grc' dir='ltr'>Ι</span> <span class='ocrx_word' id='word_1_242' title='bbox 1376 2309 1638 2353; x_wconf 85' lang='lat' dir='ltr'>absent-ium</span> <span class='ocrx_word' id='word_1_243' title='bbox 1670 2309 1778 2365; x_wconf 74' lang='lat' dir='ltr'>LQ,</span> <span class='ocrx_word' id='word_1_244' title='bbox 1813 2309 1891 2351; x_wconf 90' lang='lat' dir='ltr'>ab-</span> 
     </span>
     <span class='ocr_line' id='line_1_30' title="bbox 209 2367 1891 2428; baseline -0.004 -12"><span class='ocrx_word' id='word_1_245' title='bbox 209 2373 400 2416; x_wconf 86' lang='lat' dir='ltr'>sintium</span> <span class='ocrx_word' id='word_1_246' title='bbox 435 2374 522 2417; x_wconf 73' lang='lat' dir='ltr'>ST</span> <span class='ocrx_word' id='word_1_247' title='bbox 529 2373 577 2416; x_wconf 90' lang='lat' dir='ltr'><em>E</em></span> <span class='ocrx_word' id='word_1_248' title='bbox 613 2375 626 2428; x_wconf 84' lang='grc' dir='ltr'>ΙΙ</span> <span class='ocrx_word' id='word_1_249' title='bbox 668 2377 692 2414; x_wconf 80' lang='lat'>5</span> <span class='ocrx_word' id='word_1_250' title='bbox 728 2370 981 2414; x_wconf 79' lang='lat' dir='ltr'>cucumeris</span> <span class='ocrx_word' id='word_1_251' title='bbox 1016 2372 1058 2412; x_wconf 78' lang='lat' dir='ltr'><em>V</em></span> <span class='ocrx_word' id='word_1_252' title='bbox 1085 2373 1097 2426; x_wconf 70' lang='lat' dir='ltr'>ll</span> <span class='ocrx_word' id='word_1_253' title='bbox 1133 2376 1154 2413; x_wconf 82' lang='grc'>7</span> <span class='ocrx_word' id='word_1_254' title='bbox 1191 2370 1278 2413; x_wconf 88' lang='lat' dir='ltr'>Tit.</span> <span class='ocrx_word' id='word_1_255' title='bbox 1306 2369 1551 2412; x_wconf 83' lang='lat' dir='ltr'>XXXVIII.</span> <span class='ocrx_word' id='word_1_256' title='bbox 1594 2367 1891 2411; x_wconf 87' lang='lat' dir='ltr'><strong>DEUASCU-</strong></span> 
     </span>
     <span class='ocr_line' id='line_1_31' title="bbox 207 2426 1889 2484; baseline -0.003 -9"><span class='ocrx_word' id='word_1_257' title='bbox 207 2431 826 2475; x_wconf 74' lang='lat' dir='ltr'>LISAPUMFORMANDIS</span> <span class='ocrx_word' id='word_1_258' title='bbox 886 2430 948 2483; x_wconf 82' lang='lat' dir='ltr'>G,</span> <span class='ocrx_word' id='word_1_259' title='bbox 1011 2430 1078 2472; x_wconf 91' lang='lat' dir='ltr'>De</span> <span class='ocrx_word' id='word_1_260' title='bbox 1140 2429 1339 2472; x_wconf 83' lang='lat' dir='ltr'>vasculis</span> <span class='ocrx_word' id='word_1_261' title='bbox 1403 2428 1560 2484; x_wconf 84' lang='lat' dir='ltr'>apium</span> <span class='ocrx_word' id='word_1_262' title='bbox 1622 2426 1889 2471; x_wconf 86' lang='lat' dir='ltr'>formandis.</span> 
     </span>
     <span class='ocr_line' id='line_1_32' title="bbox 207 2486 1892 2546; baseline -0.004 -12"><span class='ocrx_word' id='word_1_263' title='bbox 207 2491 425 2535; x_wconf 83' lang='lat' dir='ltr'>Alvearia</span> <span class='ocrx_word' id='word_1_264' title='bbox 473 2506 553 2546; x_wconf 82' lang='lat' dir='ltr'>ac,</span> <span class='ocrx_word' id='word_1_265' title='bbox 602 2490 848 2533; x_wconf 87' lang='lat' dir='ltr'>XXXVIII.</span> <span class='ocrx_word' id='word_1_266' title='bbox 897 2488 1118 2532; x_wconf 78' lang='lat' dir='ltr'>Alueaiia</span> <span class='ocrx_word' id='word_1_267' title='bbox 1163 2503 1242 2546; x_wconf 74' lang='lat'>93,</span> <span class='ocrx_word' id='word_1_268' title='bbox 1296 2487 1503 2531; x_wconf 86' lang='lat' dir='ltr'>albearia</span> <span class='ocrx_word' id='word_1_269' title='bbox 1554 2487 1636 2544; x_wconf 69' lang='lat' dir='ltr'>QS</span> <span class='ocrx_word' id='word_1_270' title='bbox 1676 2493 1680 2538; x_wconf 82' lang='grc' dir='ltr'>Ι</span> <span class='ocrx_word' id='word_1_271' title='bbox 1723 2486 1892 2530; x_wconf 88' lang='lat' dir='ltr'>forma-</span> 
     </span>
     <span class='ocr_line' id='line_1_33' title="bbox 210 2545 1894 2607; baseline -0.003 -14"><span class='ocrx_word' id='word_1_272' title='bbox 210 2551 280 2595; x_wconf 88' lang='lat' dir='ltr'>uit</span> <span class='ocrx_word' id='word_1_273' title='bbox 312 2552 361 2594; x_wconf 87' lang='grc' dir='ltr'><em>Ε</em></span> <span class='ocrx_word' id='word_1_274' title='bbox 405 2554 418 2607; x_wconf 72' lang='grc' dir='ltr'>Η</span> <span class='ocrx_word' id='word_1_275' title='bbox 466 2555 490 2593; x_wconf 83' lang='grc'>8</span> <span class='ocrx_word' id='word_1_276' title='bbox 532 2565 586 2594; x_wconf 86' lang='lat' dir='ltr'>ex</span> <span class='ocrx_word' id='word_1_277' title='bbox 626 2551 765 2593; x_wconf 88' lang='lat' dir='ltr'>ubere</span> <span class='ocrx_word' id='word_1_278' title='bbox 810 2548 892 2605; x_wconf 74' lang='lat' dir='ltr'>QS</span> <span class='ocrx_word' id='word_1_279' title='bbox 930 2551 966 2605; x_wconf 86' lang='lat' dir='ltr'>(s</span> <span class='ocrx_word' id='word_1_280' title='bbox 1006 2550 1164 2605; x_wconf 72' lang='lat' dir='ltr'>supra)</span> <span class='ocrx_word' id='word_1_281' title='bbox 1199 2548 1248 2591; x_wconf 91' lang='lat' dir='ltr'><em>E</em></span> <span class='ocrx_word' id='word_1_282' title='bbox 1291 2550 1303 2603; x_wconf 87' lang='grc' dir='ltr'>ΙΙ</span> <span class='ocrx_word' id='word_1_283' title='bbox 1352 2552 1376 2590; x_wconf 87' lang='grc'>9</span> <span class='ocrx_word' id='word_1_284' title='bbox 1418 2561 1472 2589; x_wconf 90' lang='lat' dir='ltr'>ex</span> <span class='ocrx_word' id='word_1_285' title='bbox 1511 2545 1673 2589; x_wconf 88' lang='lat' dir='ltr'>ferulis</span> <span class='ocrx_word' id='word_1_286' title='bbox 1711 2547 1848 2589; x_wconf 80' lang='lat' dir='ltr'>Tiac</span> <span class='ocrx_word' id='word_1_287' title='bbox 1878 2545 1894 2603; x_wconf 85' lang='grc' dir='ltr'>ΙΙ</span> 
     </span>
     <span class='ocr_line' id='line_1_34' title="bbox 211 2604 1892 2667; baseline -0.004 -14"><span class='ocrx_word' id='word_1_288' title='bbox 211 2615 264 2653; x_wconf 88' lang='grc'>10</span> <span class='ocrx_word' id='word_1_289' title='bbox 296 2611 384 2653; x_wconf 89' lang='lat' dir='ltr'>hae</span> <span class='ocrx_word' id='word_1_290' title='bbox 418 2612 605 2667; x_wconf 73' lang='lat' dir='ltr'>iacysl</span> <span class='ocrx_word' id='word_1_291' title='bbox 643 2608 855 2665; x_wconf 86' lang='lat' dir='ltr'>saliginis</span> <span class='ocrx_word' id='word_1_292' title='bbox 889 2608 1100 2651; x_wconf 74' lang='lat' dir='ltr'><em>LVGE</em></span> <span class='ocrx_word' id='word_1_293' title='bbox 1141 2610 1145 2664; x_wconf 76' lang='grc' dir='ltr'>Ι</span> <span class='ocrx_word' id='word_1_294' title='bbox 1188 2605 1471 2649; x_wconf 86' lang='lat' dir='ltr'>inaminibus</span> <span class='ocrx_word' id='word_1_295' title='bbox 1506 2606 1555 2649; x_wconf 91' lang='lat' dir='ltr'><em>F</em></span> <span class='ocrx_word' id='word_1_296' title='bbox 1589 2609 1603 2662; x_wconf 79' lang='grc' dir='ltr'>Η</span> <span class='ocrx_word' id='word_1_297' title='bbox 1644 2610 1696 2647; x_wconf 86' lang='grc'>11</span> <span class='ocrx_word' id='word_1_298' title='bbox 1732 2604 1892 2647; x_wconf 84' lang='lat' dir='ltr'>stabu-</span> 
     </span>
     <span class='ocr_line' id='line_1_35' title="bbox 208 2664 1882 2735; baseline -0.004 -23"><span class='ocrx_word' id='word_1_299' title='bbox 208 2670 265 2712; x_wconf 88' lang='lat' dir='ltr'>lis</span> <span class='ocrx_word' id='word_1_300' title='bbox 300 2670 349 2712; x_wconf 90' lang='grc' dir='ltr'><em>Ε</em></span> <span class='ocrx_word' id='word_1_301' title='bbox 370 2672 383 2725; x_wconf 80' lang='grc' dir='ltr'>Η</span> <span class='ocrx_word' id='word_1_302' title='bbox 411 2675 464 2712; x_wconf 81' lang='grc'>12</span> <span class='ocrx_word' id='word_1_303' title='bbox 498 2668 736 2712; x_wconf 85' lang='lat' dir='ltr'>teterrima</span> <span class='ocrx_word' id='word_1_304' title='bbox 769 2669 924 2724; x_wconf 69' lang='lat' dir='ltr'>V1114</span> <span class='ocrx_word' id='word_1_305' title='bbox 956 2666 1164 2723; x_wconf 83' lang='lat' dir='ltr'>praecipi</span> <span class='ocrx_word' id='word_1_306' title='bbox 1197 2666 1307 2721; x_wconf 82' lang='lat' dir='ltr'>LG,</span> <span class='ocrx_word' id='word_1_307' title='bbox 1349 2664 1670 2721; x_wconf 84' lang='lat' dir='ltr'>praecepimus</span> <span class='ocrx_word' id='word_1_308' title='bbox 1703 2664 1882 2735; x_wconf 34' lang='lat' dir='ltr'>iac-qs}</span> 
     </span>
     <span class='ocr_line' id='line_1_36' title="bbox 212 2722 1882 2782; baseline -0.004 -11"><span class='ocrx_word' id='word_1_309' title='bbox 212 2734 264 2771; x_wconf 84' lang='lat'>15</span> <span class='ocrx_word' id='word_1_310' title='bbox 298 2728 465 2772; x_wconf 88' lang='lat' dir='ltr'>induta</span> <span class='ocrx_word' id='word_1_311' title='bbox 497 2729 539 2770; x_wconf 91' lang='lat' dir='ltr'><em>L</em></span> <span class='ocrx_word' id='word_1_312' title='bbox 558 2728 770 2782; x_wconf 85' lang='lat' dir='ltr'>VTGE,</span> <span class='ocrx_word' id='word_1_313' title='bbox 804 2727 1002 2769; x_wconf 85' lang='lat' dir='ltr'>induata</span> <span class='ocrx_word' id='word_1_314' title='bbox 1033 2727 1068 2769; x_wconf 80' lang='lat' dir='ltr'><strong><em>S</em></strong></span> <span class='ocrx_word' id='word_1_315' title='bbox 1094 2729 1098 2780; x_wconf 81' lang='grc' dir='ltr'>Ι</span> <span class='ocrx_word' id='word_1_316' title='bbox 1129 2725 1278 2768; x_wconf 87' lang='lat' dir='ltr'>albari</span> <span class='ocrx_word' id='word_1_317' title='bbox 1315 2726 1351 2781; x_wconf 68' lang='lat' dir='ltr'><em>Q</em></span> <span class='ocrx_word' id='word_1_318' title='bbox 1379 2725 1384 2781; x_wconf 85' lang='grc' dir='ltr'>Ι</span> <span class='ocrx_word' id='word_1_319' title='bbox 1413 2724 1693 2767; x_wconf 88' lang='lat' dir='ltr'>lacertarum</span> <span class='ocrx_word' id='word_1_320' title='bbox 1720 2722 1882 2779; x_wconf 63' lang='lat' dir='ltr'>GEPJ</span> 
     </span>
     <span class='ocr_line' id='line_1_37' title="bbox 214 2781 1892 2843; baseline -0.004 -13"><span class='ocrx_word' id='word_1_321' title='bbox 214 2793 266 2830; x_wconf 81' lang='grc'>17</span> <span class='ocrx_word' id='word_1_322' title='bbox 299 2787 439 2831; x_wconf 88' lang='lat' dir='ltr'>moris</span> <span class='ocrx_word' id='word_1_323' title='bbox 473 2790 542 2830; x_wconf 90' lang='lat' dir='ltr'>est</span> <span class='ocrx_word' id='word_1_324' title='bbox 575 2788 624 2830; x_wconf 89' lang='grc' dir='ltr'><em>Ε</em></span> <span class='ocrx_word' id='word_1_325' title='bbox 649 2790 654 2843; x_wconf 85' lang='lat'>1</span> <span class='ocrx_word' id='word_1_326' title='bbox 684 2786 791 2830; x_wconf 87' lang='lat' dir='ltr'>odia</span> <span class='ocrx_word' id='word_1_327' title='bbox 823 2787 879 2841; x_wconf 92' lang='lat' dir='ltr'>L,</span> <span class='ocrx_word' id='word_1_328' title='bbox 916 2786 1004 2828; x_wconf 86' lang='lat' dir='ltr'>duo</span> <span class='ocrx_word' id='word_1_329' title='bbox 1043 2786 1099 2842; x_wconf 67' lang='lat' dir='ltr'>Q,</span> <span class='ocrx_word' id='word_1_330' title='bbox 1135 2800 1215 2828; x_wconf 82' lang='lat' dir='ltr'>om.</span> <span class='ocrx_word' id='word_1_331' title='bbox 1238 2800 1272 2840; x_wconf 76' lang='lat' dir='ltr'>p</span> <span class='ocrx_word' id='word_1_332' title='bbox 1300 2786 1304 2840; x_wconf 89' lang='grc'>1</span> <span class='ocrx_word' id='word_1_333' title='bbox 1336 2783 1545 2827; x_wconf 84' lang='lat' dir='ltr'>albearia</span> <span class='ocrx_word' id='word_1_334' title='bbox 1581 2782 1697 2839; x_wconf 69' lang='lat' dir='ltr'>QSU</span> <span class='ocrx_word' id='word_1_335' title='bbox 1723 2786 1778 2824; x_wconf 81' lang='lat'>20</span> <span class='ocrx_word' id='word_1_336' title='bbox 1812 2781 1892 2824; x_wconf 88' lang='lat' dir='ltr'>ad-</span> 
     </span>
     <span class='ocr_line' id='line_1_38' title="bbox 209 2839 1893 2903; baseline -0.004 -14"><span class='ocrx_word' id='word_1_337' title='bbox 209 2846 403 2890; x_wconf 88' lang='lat' dir='ltr'>mittant</span> <span class='ocrx_word' id='word_1_338' title='bbox 439 2847 489 2903; x_wconf 71' lang='lat' dir='ltr'>Q,</span> <span class='ocrx_word' id='word_1_339' title='bbox 524 2846 753 2889; x_wconf 87' lang='lat' dir='ltr'>admixtat</span> <span class='ocrx_word' id='word_1_340' title='bbox 787 2846 835 2888; x_wconf 87' lang='lat' dir='ltr'><em>E</em></span> <span class='ocrx_word' id='word_1_341' title='bbox 863 2848 876 2902; x_wconf 82' lang='grc' dir='ltr'>Η</span> <span class='ocrx_word' id='word_1_342' title='bbox 911 2850 963 2887; x_wconf 77' lang='lat'>22</span> <span class='ocrx_word' id='word_1_343' title='bbox 999 2844 1234 2901; x_wconf 85' lang='lat' dir='ltr'>applicare</span> <span class='ocrx_word' id='word_1_344' title='bbox 1273 2844 1329 2901; x_wconf 67' lang='lat' dir='ltr'>Q,</span> <span class='ocrx_word' id='word_1_345' title='bbox 1365 2842 1568 2899; x_wconf 86' lang='lat' dir='ltr'>aplicare</span> <span class='ocrx_word' id='word_1_346' title='bbox 1602 2841 1651 2884; x_wconf 90' lang='lat' dir='ltr'><em>F</em></span> <span class='ocrx_word' id='word_1_347' title='bbox 1679 2843 1693 2897; x_wconf 79' lang='grc' dir='ltr'>ΙΙ</span> <span class='ocrx_word' id='word_1_348' title='bbox 1725 2845 1779 2884; x_wconf 83' lang='grc'>23</span> <span class='ocrx_word' id='word_1_349' title='bbox 1814 2839 1893 2895; x_wconf 91' lang='lat' dir='ltr'>qui</span> 
     </span>
     <span class='ocr_line' id='line_1_39' title="bbox 211 2906 732 2964; baseline -0.004 -14"><span class='ocrx_word' id='word_1_350' title='bbox 211 2921 292 2951; x_wconf 83' lang='lat' dir='ltr'>om.</span> <span class='ocrx_word' id='word_1_351' title='bbox 327 2907 398 2964; x_wconf 64' lang='lat' dir='ltr'>V}</span> <span class='ocrx_word' id='word_1_352' title='bbox 428 2919 614 2962; x_wconf 78' lang='lat' dir='ltr'>corpore</span> <span class='ocrx_word' id='word_1_353' title='bbox 652 2906 732 2949; x_wconf 76' lang='lat' dir='ltr'>Ga</span> 
     </span>
    </p>
   </div>
   <div class='ocr_carea' id='block_1_4' title="bbox 1889 2664 1894 2780">
    <p class='ocr_par' dir='ltr' id='par_1_10' title="bbox 1889 2664 1894 2780">
     <span class='ocr_line' id='line_1_40' title="bbox 1889 2664 1894 2780; baseline 0 0"><span class='ocrx_word' id='word_1_354' title='bbox 1889 2664 1894 2780; x_wconf 95' lang='lat' dir='ltr'> </span> 
     </span>
    </p>
   </div>
  </div>
 </body>
</html>
