2014 3169
103 118 175 168 20
808 110 1091 154 PALLADH

105 239 167 290 de
210 236 414 289 morbis
457 237 661 286 aestate
704 235 956 301 suspecta
995 235 1089 284 est.
1155 231 1240 282 cui
1281 230 1327 282 si
1365 230 1487 281 fons
1521 229 1660 281 desit
1692 231 1787 280 aut

107 315 316 380 puteus,
350 310 608 362 cisternas
643 312 955 360 construere
992 304 1291 371 conueniat,
1325 303 1517 372 quibus
1549 302 1791 355 omnium

107 385 332 438 conduci
372 383 546 452 possit
579 400 718 450 aqua
751 383 1034 432 tectorum.
1098 380 1235 430 fiunt
1269 382 1450 430 autem
1481 376 1584 429 hoc
1616 377 1793 430 modo,

199 576 293 628 DE
336 572 722 629 CISTERNIS
763 572 858 624 ET
897 570 1206 624 MALTHA
1245 568 1705 622 FRIGIDARIA.

25 681 180 735 XVII
298 677 539 748 Signinis
574 677 873 746 parietibus
907 674 1223 745 magnitudo
1258 693 1333 740 ea,
1368 691 1474 741 qua
1509 671 1793 725 delectaris
1842 692 1862 725 5

112 758 165 807 et
206 753 291 807 cui
324 752 545 821 sufficiS,
589 753 936 803 construatur
966 749 1183 818 longior
1216 747 1389 817 magis
1425 765 1587 815 quam
1618 746 1795 798 latior.

107 829 266 880 huius
303 827 477 879 solum
513 826 623 877 alto
659 825 849 876 rudere
883 823 1175 875 solidatum
1208 822 1397 874 relicto
1429 820 1650 872 fusoriis
1675 820 1795 872 loco

109 901 334 955 testacei
381 900 681 970 pauimenti
730 897 1102 966 superfusione
1142 896 1427 965 leuigetur.
1505 895 1610 946 hoc
1650 894 1797 962 paui-

111 981 353 1029 mentum
403 975 549 1027 omni
591 992 717 1026 cura
757 972 1039 1024 terendum
1081 973 1163 1021 est
1203 971 1268 1021 ad
1307 970 1512 1022 nitores
1554 972 1608 1020 et
1646 968 1798 1020 lardo

37 1054 70 1104 ‘2
111 1051 300 1120 pingui
355 1049 577 1101 decocto
626 1047 844 1099 adsidue
891 1043 1306 1114 perfricandum.
1383 1043 1524 1111 quod
1575 1042 1668 1094 ubi
1717 1042 1869 1096 de-1o

117 1126 275 1177 ducto
323 1141 509 1175 umore
560 1122 822 1174 siccatum
870 1122 974 1186 est,
1021 1137 1087 1170 ne
1135 1117 1288 1169 rimis
1330 1118 1386 1168 in
1427 1116 1608 1185 aliqua
1646 1118 1801 1184 parte

115 1199 373 1266 findatur,
416 1196 583 1249 etiam
621 1195 855 1264 parietes
899 1192 1063 1245 simili
1105 1192 1250 1244 corio
1291 1191 1540 1244 uelentur
1581 1190 1803 1242 obducti

117 1277 170 1325 et
214 1273 295 1324 ita
345 1275 472 1340 post
520 1270 833 1322 diuturnam
891 1271 945 1320 et
993 1267 1222 1319 solidam
1278 1266 1580 1318 siccitatem
1635 1281 1804 1333 aquae

112 1347 435 1417 praebeatur
466 1343 777 1412 hospitium.
840 1341 1109 1411 anguillas
1144 1359 1269 1392 sane
1304 1340 1585 1409 piscesque
1615 1338 1803 1390 fluuia-

114 1423 191 1475 les
236 1419 400 1472 mitti'
423 1418 479 1471 in
518 1419 602 1470 his
649 1418 903 1486 pascique
945 1415 1243 1483 conueniet,
1282 1418 1344 1465 ut
1382 1414 1577 1465 horum
1613 1415 1805 1464 natatu
1832 1433 1874 1466 15

116 1513 254 1564 aqua
306 1498 455 1546 stans
505 1493 813 1561 agilitatem
854 1488 1118 1543 currentis
1160 1488 1419 1540 imitetur.
1491 1487 1584 1539 sed
1625 1487 1671 1539 si
1712 1485 1806 1538 ali-

117 1568 327 1638 quando
377 1568 434 1619 in
477 1585 814 1635 quocumque
847 1565 965 1616 loco
998 1563 1295 1633 pauimenti
1329 1562 1414 1614 uel
1446 1560 1667 1630 parietis
1703 1564 1809 1613 tec-

115 1648 240 1696 tura
299 1642 637 1709 succumbat,
678 1640 781 1692 hoc
823 1657 989 1709 genus
1031 1637 1268 1689 malthae
1309 1635 1708 1702 adhibebimus,
1747 1638 1810 1686 ut

45 1720 77 1771 3
118 1736 274 1770 umor
314 1717 370 1768 in
411 1715 614 1768 exitum
654 1715 831 1766 nitens
872 1713 1048 1781 possit
1087 1711 1301 1763 includi.
1366 1711 1530 1761 rimas
1573 1713 1626 1761 et
1665 1710 1807 1761 lacu-

115 1811 210 1844 nas
261 1791 646 1857 cisternarum,
702 1788 938 1857 piscinas
986 1786 1072 1838 uel
1120 1788 1311 1853 puteos
1365 1784 1655 1836 sarciemus
1703 1783 1808 1835 hoc
1833 1805 1876 1836 20

117 1884 331 1934 genere,
379 1864 483 1916 etsi
530 1882 686 1915 umor
734 1881 827 1930 per
875 1879 1003 1913 saxa
1050 1860 1308 1911 manabit.
1384 1857 1520 1927 picis
1565 1857 1803 1926 liquidae

119 1942 381 2009 quantum
413 1937 667 2005 uolueris,
705 1940 758 1989 et
798 1935 1118 1987 tantundem
1151 1951 1330 1985 sumes
1363 1932 1634 2002 unguiniS,
1668 1930 1812 2000 quod

119 2031 373 2067 uocamus
424 2012 716 2080 axungiam
762 2010 850 2062 uel
906 2028 1106 2061 seuum.
1178 2012 1306 2060 tunc
1354 2007 1409 2058 in
1459 2007 1568 2059 olla
1607 2008 1812 2058 utrum-

122 2106 223 2156 que
258 2086 510 2139 miscebis
545 2088 598 2137 et
632 2102 844 2153 coqueS‚
884 2083 1051 2135 donec
1084 2085 1321 2151 spumet:
1363 2079 1550 2132 deinde
1585 2080 1652 2131 ab
1685 2079 1811 2149 igne

120 2161 438 2214 remouebiS.
518 2178 639 2212 cum
685 2159 850 2210 fuerit
906 2157 1092 2209 eadem
1141 2155 1460 2225 refrigerata
1508 2153 1811 2222 permixti0‚
1839 2174 1881 2207 25

244 2327 265 2363 1
302 2321 358 2364 de
390 2319 541 2363 morbi
575 2322 700 2362 statu
742 2320 812 2374 V!
844 2333 948 2361 cum
981 2317 1019 2360 si
1052 2318 1093 2360 L
1114 2317 1273 2371 VFG,
1317 2314 1391 2358 cui
1425 2329 1528 2358 cum
1563 2314 1611 2356 E
1632 2315 1646 2369 ΙΙ
1672 2317 1696 2355 2
1729 2328 1814 2370 pu-

124 2384 223 2425 teos
259 2383 340 2423 aut
373 2380 597 2423 cisternas
637 2379 707 2435 V}
738 2377 983 2421 conueniet
1017 2378 1168 2434 iacys
1192 2378 1205 2432 ΙΙ
1232 2380 1256 2418 5
1289 2373 1499 2431 Ligninis
1527 2373 1585 2427 Ε,
1618 2371 1812 2429 parieti-

124 2442 211 2484 bus
244 2454 325 2483 om.
358 2454 392 2494 s,
427 2439 663 2482 Cisternae
688 2437 963 2495 magnitudo
984 2452 1018 2492 p
1043 2440 1056 2492 ΙΙ
1082 2450 1136 2479 ea
1164 2435 1364 2479 cisterna
1397 2434 1439 2476 V
1463 2435 1467 2489 Ι
1498 2431 1573 2476 cui
1607 2431 1811 2475 delecta-

127 2500 188 2542 ris
223 2502 268 2542 et
302 2498 375 2542 cui
409 2497 509 2542 suff.
538 2512 685 2541 omnes
704 2503 885 2552 praeter
906 2511 982 2552 ps,
1018 2493 1326 2538 delectaueris
1354 2493 1403 2536 F
1423 2495 1436 2549 ΙΙ
1463 2498 1485 2535 7
1520 2490 1732 2535 fussoriis
1758 2491 1808 2546 V,

127 2557 328 2602 fosioriis
362 2558 420 2612 F,
460 2556 667 2601 fossoriis
702 2557 761 2612 Ε,
803 2555 970 2599 fusoris
1005 2570 1065 2597 ac
1104 2557 1117 2610 ΙΙ
1158 2561 1181 2597 9
1217 2553 1475 2597 cedendum
1507 2566 1536 2594 α
1571 2552 1577 2608 Ι
1616 2549 1817 2597 nitorem

130 2619 286 2662 ›S'Eas
310 2620 323 2673 ΙΙ
350 2622 404 2660 10
435 2616 789 2673 perfrigandum
810 2616 846 2672 Q
870 2617 883 2670 ΙΙ
911 2620 962 2657 12
998 2613 1169 2656 similio
1191 2613 1228 2670 Q
1255 2615 1260 2669 Ι
1289 2611 1425 2655 modo
1451 2614 1557 2666 (pro
1584 2609 1726 2666 corio)
1751 2609 1812 2663 Ε,

130 2692 239 2720 cura
267 2692 300 2732 p
325 2679 338 2733 ΙΙ
364 2676 575 2719 volentur
613 2676 649 2733 (2
688 2678 701 2732 ΙΙ
745 2680 796 2717 17
833 2675 1031 2718 cisterne
1064 2676 1224 2729 (supra
1255 2671 1374 2727 loco)
1416 2670 1484 2713 V2
1511 2672 1516 2726 Ι
1545 2671 1722 2713 tectum
1754 2669 1772 2711 i

133 2740 186 2778 18
219 2735 480 2779 succumbit
513 2736 562 2778 E
583 2737 596 2791 ΙΙ
623 2734 898 2778 adhibemus
932 2733 976 2788 S,
1016 2732 1322 2775 adhibeamus
1362 2730 1410 2773 Ε
1431 2732 1444 2785 ΙΙ
1472 2734 1525 2772 19
1558 2728 1690 2772 lanas
1724 2727 1774 2770 E

132 2802 186 2838 20
221 2800 265 2838 et
298 2794 501 2851 piscinas
535 2809 662 2851 acys
690 2796 695 2851 Ι
725 2796 771 2837 et
802 2795 967 2850 puteos
1000 2793 1017 2834 ἰ’
1045 2794 1049 2849 Ι
1078 2790 1381 2835 resarciemus
1415 2789 1482 2832 V2
1521 2791 1536 2845 ΙΙ
1575 2793 1627 2830 21
1670 2786 1813 2830 malte

132 2857 290 2909 (supra
323 2857 509 2911 genere)
542 2854 609 2896 V2
638 2855 642 2910 Ι
673 2856 719 2896 et
752 2852 790 2895 si
822 2854 840 2896 i
867 2855 872 2908 Ι
899 2851 1040 2908 piscis
1075 2852 1116 2894 L
1157 2853 1170 2906 ΙΙ
1211 2854 1264 2892 22
1301 2847 1491 2892 summis
1525 2847 1636 2902 LF,
1674 2845 1816 2889 sumis

137 2914 326 2970 QSGE
348 2916 361 2969 ΙΙ
388 2918 441 2956 24
476 2926 681 2968 quoques
715 2913 817 2955 LE
843 2914 847 2969 Ι
877 2910 1055 2954 Dehinc
1093 2910 1286 2966 abigens
1312 2909 1362 2952 E
1383 2911 1396 2963 ΙΙ
1423 2913 1474 2951 25
1508 2903 1738 2963 permixto
1774 2905 1817 2949 G
