2072 3145
92 942 132 973 10

88 1311 130 1342 15

88 1681 130 1711 20

87 2049 129 2080 25

795 134 988 178 AGR-IC.
1014 134 1056 178 V
1083 139 1194 177 1-2
1733 134 1835 187 151

159 275 224 309 ex
271 255 470 308 oliueto
520 256 687 308 insito
738 259 790 307 et
838 274 964 308 casu
1003 255 1220 307 incenso
1261 256 1562 307 renascitur
1603 255 1836 307 oleaster

157 329 365 395 infelix,
422 330 499 382 sic
552 330 943 398 prouidendum
990 332 1086 380 est.
1164 328 1359 396 positis
1410 329 1559 397 prius
1613 329 1835 381 oleastri

159 403 424 456 bracchiis
464 403 519 455 in
561 404 765 470 scrobe,
803 403 859 454 in
894 421 998 470 qua
1030 403 1373 470 disponemus
1406 402 1655 466 inserere,
1695 421 1836 455 scro-

159 479 253 530 bes
292 475 370 528 ita
409 478 750 545 replebimuS,
791 480 851 528 ut
890 476 1095 528 mediae
1137 495 1334 528 uacuae
1369 477 1491 528 sint.
1555 495 1676 529 cum
1710 495 1835 528 con-

158 550 500 620 prehenderit
541 551 784 619 oleaster,
824 551 1121 602 inseremus
1163 550 1219 601 in
1258 550 1442 602 infimo
1482 551 1570 602 uel
1610 550 1836 602 insitum

156 642 438 693 ponemus:
494 629 548 676 et
602 625 916 677 insitionem
971 642 1136 692 prope
1192 623 1333 675 infra
1387 628 1589 676 terram
1636 624 1836 675 nutrie-

158 717 291 750 muS.
369 698 556 751 deinde
606 699 746 751 sicut
794 698 1072 763 adolescit,
1121 701 1321 749 teiram
1362 699 1585 750 subinde
1626 698 1834 780 colligi-

157 791 290 824 mus.
367 773 445 824 ita
493 773 827 825 conmissura
880 773 937 823 in
991 771 1258 839 profundo
1312 771 1538 841 latente,
1592 771 1835 840 quisquis

157 850 276 898 uret
315 851 408 898 aut
450 848 646 914 caedet,
688 845 862 898 oliuae
902 846 1083 898 locum
1121 864 1232 897 non
1272 845 1478 898 auferet
1512 845 1834 914 pullulandi·

159 939 291 988 quae
341 924 395 972 et
443 889 685 989 apertain
734 920 986 972 redeundi
1033 919 1349 971 felicitatem
1397 920 1459 971 de
1502 920 1618 971 olea
1658 923 1711 970 et
1753 936 1836 972 oc-

156 995 357 1047 cultam
397 995 611 1046 ualendi
649 994 988 1046 feracitatem
1028 994 1090 1045 de
1132 993 1352 1045 oleastri
1393 994 1719 1046 connexione
1752 1011 1836 1045 re-

154 1068 364 1121 tinebit.
451 1068 618 1137 aliqui
673 1068 817 1120 oleas
872 1069 928 1119 in
983 1067 1251 1119 radicibus
1306 1068 1551 1119 inserunt
1607 1071 1682 1134 et,
1737 1067 1832 1118 ubi

156 1142 651 1210 conprehenderint,
693 1161 813 1194 cum
854 1142 1035 1209 aliqua
1073 1145 1227 1209 parte
1269 1142 1463 1193 radicis
1505 1141 1746 1193 auellunt
1779 1145 1834 1192 et

154 1217 488 1267 transferunt
528 1234 674 1267 more
714 1216 1035 1283 plantarum.
1112 1214 1305 1268 Graeci
1346 1216 1489 1267 oleas
1531 1216 1596 1266 ab
1640 1218 1832 1267 octauo

156 1290 497 1341 calendarum
543 1291 793 1358 aprilium
834 1290 916 1341 die
957 1307 1123 1357 usque
1164 1289 1221 1340 in
1259 1289 1423 1340 tertio
1463 1307 1633 1340 nonas
1673 1289 1832 1341 iulias

154 1364 320 1415 inseri
359 1364 550 1415 debere
590 1362 946 1432 praecipiunt,
994 1363 1073 1414 ita
1119 1366 1180 1414 ut
1219 1362 1351 1414 locis
1391 1362 1602 1432 frigidis
1645 1363 1832 1430 8611118,

155 1437 342 1490 calidis
391 1438 654 1489 maturius
700 1437 1022 1488 inserantur.
1099 1436 1232 1489 locis
1280 1436 1650 1506 frigidissimis
1690 1455 1833 1489 nunc

154 1511 432 1564 uinearum
479 1512 646 1563 fossio
698 1515 819 1563 ante
874 1511 993 1562 idus
1050 1511 1354 1579 peragenda
1403 1514 1484 1562 est
1531 1515 1585 1561 et
1634 1510 1679 1562 si
1729 1528 1834 1578 qua

155 1586 217 1636 de
272 1586 466 1637 martio
522 1604 702 1637 mense
757 1588 979 1637 restant.
1063 1585 1204 1636 uites
1263 1603 1474 1652 quoque
1529 1584 1832 1636 inserimus,

157 1659 463 1726 seminaria,
506 1677 639 1727 quae
681 1663 807 1711 sunt
848 1662 971 1711 ante
1012 1658 1180 1726 facta,
1219 1658 1401 1710 herbis
1440 1658 1735 1710 liberentur
1777 1661 1830 1710 et

153 1733 346 1784 leuiter
387 1733 876 1786 circumfodiantur.
938 1751 1078 1784 nunc
1117 1732 1250 1784 locis
1293 1732 1633 1784 mediocriter
1674 1732 1829 1784 siccis

155 1807 366 1858 milium
399 1809 625 1859 serimus
658 1810 711 1858 et
742 1807 1004 1875 panicum.
1062 1806 1164 1858 hoc
1192 1824 1371 1857 mense
1398 1807 1626 1875 pingues
1654 1806 1830 1874 campi

155 1884 208 1932 et
255 1881 393 1949 agri,
458 1882 550 1948 qui
597 1880 687 1932 diu
735 1899 929 1948 aquam
977 1884 1184 1943 tenent,
1239 1879 1655 1947 proscindantur
1705 1884 1831 1947 post

154 1955 299 2020 idus,
362 1973 483 2006 cum
542 1957 595 2006 et
650 1972 833 2007 omnes
887 1947 1081 2005 herbas
1137 1954 1483 2022 protulerunt
1538 1958 1592 2005 et
1647 1972 1832 2006 earum

154 2029 358 2080 semina
397 2029 634 2080 nondum
675 2028 988 2080 maturitate
1029 2028 1246 2079 firmata
1286 2031 1424 2079 sunt.

276 2178 297 2215 1
334 2173 534 2216 oleastro
569 2174 611 2216 V
645 2176 658 2229 Η
699 2178 723 2215 6
756 2172 974 2216 insitione
1008 2173 1057 2215 E
1105 2174 1110 2229 Ι
1152 2172 1275 2215 infra-
1306 2186 1448 2229 prope
1482 2173 1524 2214 V
1565 2174 1578 2228 Η
1626 2177 1650 2215 8
1684 2172 1832 2215 laten—

155 2234 249 2275 tem
274 2232 314 2274 V
338 2234 351 2287 11
377 2238 401 2274 9
435 2232 530 2275 urit
563 2234 642 2275 aut
677 2232 832 2275 caedit
862 2231 1021 2288 (cedit)
1047 2245 1194 2276 omnes
1223 2234 1227 2289 Ι
1258 2231 1437 2274 adferet
1469 2232 1519 2286 V,
1555 2231 1747 2274 aufferet
1772 2233 1831 2285 E,

156 2291 308 2334 aufert
350 2291 555 2348 Giac9s
608 2293 611 2346 ξ
661 2291 1003 2347 pillulandique
1038 2292 1080 2333 V
1120 2294 1134 2347 Η
1183 2297 1237 2334 10
1271 2291 1327 2334 de
1361 2291 1528 2334 olea—
1538 2268 1832 2334 feracitateni

154 2364 237 2393 om.
263 2351 304 2393 G
333 2351 338 2407 Ι
367 2351 550 2393 occulta
567 2351 668 2393 LE
691 2353 704 2406 ΙΙ
731 2356 782 2393 11
811 2349 1022 2393 oleastris
1040 2351 1090 2393 E
1110 2353 1124 2406 ΙΙ
1151 2356 1205 2393 14
1232 2349 1438 2393 PPHKV
1463 2350 1541 2392 E·
1538 2367 1541 2405 1
1573 2364 1599 2392 a
1623 2364 1742 2392 nono
1761 2364 1833 2407 p
1831 2353 1833 2396 i

158 2414 210 2450 15
228 2409 463 2452 Kalendas
483 2410 687 2477 apriles
673 2426 698 2461 2
719 2409 945 2453 Calendas
965 2409 1145 2465 Apriles
1163 2424 1184 2453 s
1212 2412 1216 2465 Ι
1245 2409 1294 2452 in
1311 2408 1503 2452 tertium
1523 2409 1758 2488 GFccc93
1784 2423 1835 2450 in

154 2468 228 2510 ΠΙ.
256 2469 377 2510 ET
399 2468 502 2510 iulii
527 2471 646 2519 ΕΤξ
668 2468 907 2511 Nonarum
930 2468 1183 2527 Ι11111ασ9ῃ
1218 2474 1270 2511 16
1296 2467 1482 2510 11110618
1511 2467 1546 2525 i}
1554 2473 1632 2509 117
1659 2467 1831 2510 insera-

155 2529 231 2569 tur
263 2528 355 2569 PL
371 2527 616 2583 QSFFE
644 2530 657 2583 Η
693 2532 745 2570 18
783 2541 901 2582 quae
937 2528 978 2570 G
1002 2529 1015 2582 ΙΙ
1049 2533 1101 2570 19
1143 2490 1388 2570 r¹estabunt
1420 2527 1549 2580 SEs
1591 2527 1834 2569 restabant

155 2588 286 2630 ceteri
310 2593 490 2641 praeter
523 2588 597 2642 ῑ])
638 2593 641 2643 j
685 2587 943 2640 restabunt
974 2586 1093 2629 uites
1133 2602 1154 2630 s
1199 2589 1212 2642 Η
1262 2592 1315 2629 20
1357 2585 1605 2628 seminaria
1644 2600 1724 2628 om.
1752 2600 1822 2640 p

157 2650 209 2687 21
258 2644 425 2688 leniter
462 2660 519 2701 98
565 2649 601 2701 Η
627 2652 678 2688 ·2·2
727 2646 926 2688 multum
972 2645 1151 2688 milium
1191 2648 1210 2688 i
1260 2648 1264 2703 Ι
1317 2659 1516 2688 serenius
1551 2646 1600 2687 E
1648 2647 1651 2701 ξ
1702 2644 1833 2700 pani-

155 2703 274 2746 tium
316 2719 356 2758 8,
404 2704 639 2759 panicium
686 2706 734 2747 Ε
771 2708 783 2742 Η
825 2710 878 2746 ’23
925 2704 1286 2760 proscinduntur
1331 2720 1345 2746 o
1395 2707 1408 2759 Η
1456 2709 1510 2746 24
1556 2703 1836 2759 pr·otule1int

160 2763 451 2819 QSETac9
