2014 3169
149 119 218 170 86
848 119 1000 162 PALL
1007 119 1130 162 ΑΒΗ

150 243 237 292 tae
272 242 412 308 sunt,
448 239 697 309 plurimis
730 240 998 292 radicibus
1033 241 1202 293 totius
1237 242 1477 309 corporis
1510 242 1829 312 fatigantur.

151 314 321 382 mergi
375 331 503 365 uero
558 317 686 382 post
739 314 1017 365 biennium
1071 315 1383 367 reciduntur
1435 315 1494 368 in
1546 333 1608 367 ea
1661 319 1829 384 parte,

150 406 285 456 quae
343 406 504 455 supra
559 392 665 457 est,
719 391 773 440 et
826 387 884 439 in
930 388 1048 440 loco
1096 388 1265 440 iustas
1315 389 1454 441 uites
1504 388 1830 457 relinquunt.

150 462 264 530 sed,
303 465 365 513 ut
406 462 674 531 agricolae
716 461 992 528 adserunt,
1041 467 1167 530 post
1205 463 1481 514 biennium
1522 463 1568 515 si
1607 463 1827 531 recidas,

145 536 462 661 Plfflsuque
509 536 748 588 infirmas
796 535 996 588 habent
1043 536 1248 588 radices
1299 540 1352 589 et
1401 537 1560 589 simul
1607 541 1827 606 repente
1875 555 1895 588 5

145 628 396 678 perierun
427 653 437 662 .

662 728 759 780 DE
801 726 1320 781 INSITIONIBVS.

57 830 218 884 XVII
332 830 450 884 Hoc
495 850 675 883 mense
717 831 904 883 calidis
946 835 1000 883 913
1041 831 1236 900 apricis
1276 831 1412 884 locis
1454 833 1657 901 optime
1699 833 1829 886 cele-

147 908 333 959 bratur
372 905 580 971 insitio,
626 923 760 974 quae
799 906 863 957 fit
903 906 1079 957 tribus
1123 906 1424 975 generibus,
1504 907 1596 958 sed
1636 925 1700 958 ex
1738 907 1824 960 his

143 983 248 1034 duo
296 998 438 1032 nunc
491 980 609 1031 fieri
664 983 913 1048 possunt,
970 980 1194 1032 tertium
1249 983 1557 1032 reseruatur
1613 982 1824 1033 aestati.
1852 1001 1893 1033 10

143 1058 269 1109 sunt
316 1058 499 1106 autem
547 1071 742 1123 genera
789 1054 1057 1106 inserendi
1103 1054 1260 1117 haec,
1316 1057 1409 1105 aut
1465 1055 1563 1106 sub
1621 1055 1820 1107 cortice

144 1134 238 1183 aut
277 1129 334 1180 in
374 1132 566 1180 trunco
609 1131 702 1179 aut
742 1128 1020 1196 inplastro.
1084 1128 1382 1179 inseremus
1426 1146 1554 1198 ergo
1597 1129 1686 1181 sic.
1752 1147 1830 1180 ar-

147 1207 332 1256 borem
364 1203 451 1254 uel
484 1221 694 1254 ramum
726 1202 784 1253 in
814 1201 949 1269 1000,
984 1202 1075 1270 qui
1108 1202 1310 1253 nitidus
1347 1206 1401 1253 et
1435 1203 1548 1254 sine
1579 1204 1828 1255 cicatrice

144 1282 248 1345 est⁷
304 1295 449 1329 serra
496 1277 793 1329 recidemus
842 1293 952 1327 non
999 1277 1144 1327 laeso
1195 1276 1410 1328 cortice.
1490 1280 1615 1343 post
1663 1295 1830 1328 serra-

69 1357 102 1409 2
143 1356 323 1404 turam
377 1351 595 1420 plagam
650 1349 993 1402 ferramentis
1057 1351 1230 1402 acutis
1294 1349 1609 1402 incidamus,
1705 1351 1828 1402 inde
1855 1371 1896 1403 15

143 1426 300 1495 quasi
348 1443 576 1477 cuneum
624 1428 840 1476 tenuem
888 1424 1123 1476 ferreum
1170 1424 1256 1475 uel
1306 1442 1540 1492 osseum,
1597 1426 1829 1477 maxime

141 1500 439 1561 leoninum,
488 1499 630 1551 inter
679 1499 935 1551 corticem
984 1501 1037 1550 913
1080 1499 1291 1567 lignum
1332 1499 1507 1550 tribus
1548 1517 1715 1567 prope
1758 1499 1831 1550 di-

145 1574 276 1643 gitis
319 1572 721 1626 consideranter
762 1572 1102 1641 deponimUS‚
1149 1591 1215 1623 ne
1261 1572 1477 1624 corticis
1519 1573 1688 1624 fascia
1728 1573 1830 1625 dis-

145 1650 373 1717 sipetur,
429 1651 482 1699 913
537 1648 594 1698 in
649 1666 770 1699 eum
825 1647 1043 1698 modum
1101 1647 1362 1698 subducto
1420 1664 1587 1698 cuneo
1641 1647 1828 1698 statim

144 1722 420 1775 surculum
461 1721 755 1790 mergimus
796 1740 902 1772 una
941 1728 1096 1789 parte
1137 1719 1374 1771 decisum
1410 1721 1561 1771 salua
1593 1721 1828 1772 medulla
1853 1742 1895 1773 20

145 1800 199 1848 et
240 1796 437 1849 cortice
478 1796 650 1864 partis
692 1795 937 1862 alteriUS,
979 1795 1070 1863 qui
1113 1812 1277 1862 supra
1318 1795 1568 1846 arborem
1608 1813 1703 1846 sex
1742 1795 1829 1846 uel

69 1877 103 1928 3
146 1874 268 1924 octo
311 1868 497 1940 digitis
540 1869 785 1922 emineat.
851 1869 983 1921 duos
1024 1869 1111 1920 uel
1152 1872 1263 1920 tres
1304 1869 1391 1920 uel
1431 1869 1613 1936 plures
1648 1887 1830 1921 surcu-

146 1946 230 1998 los
269 1962 368 2012 pro
402 1945 582 1996 trunci
616 1943 878 2012 qualitate
913 1943 1320 1995 constituemus,
1385 1942 1662 2011 quaternis
1696 1942 1830 2011 digi-

143 2019 217 2071 tis
256 2018 344 2070 uel
385 2017 615 2086 amplius
657 2019 798 2069 inter
838 2035 928 2069 eos
971 2017 1210 2085 spatium
1251 2017 1628 2085 relinquemus,
1700 2021 1829 2069 tunc

144 2094 303 2145 iunco
347 2097 442 2144 aut
472 2092 619 2144 ulmo
654 2096 747 2143 aut
780 2092 979 2143 uimine
1014 2091 1344 2160 stringemus
1378 2095 1431 2142 et
1465 2109 1624 2158 super
1655 2090 1830 2142 lutum
1855 2110 1897 2142 25

145 2186 332 2220 musco
373 2170 579 2219 tectum
619 2183 879 2234 ponemus
921 2184 980 2218 ac
1021 2165 1330 2234 ligabimus,
1369 2168 1432 2215 ut
1466 2168 1725 2233 quattuor
1757 2165 1831 2216 di-

267 2333 289 2370 1
323 2326 534 2384 pluribus
568 2327 616 2368 E
637 2328 651 2382 ΙΙ
677 2331 701 2367 3
734 2324 859 2367 iusta
889 2340 940 2379 7),
975 2324 1108 2367 uiuas
1141 2325 1221 2380 ΕΙ
1250 2323 1577 2379 relinquuntur
1603 2339 1638 2380 p
1679 2326 1693 2380 ΙΙ
1732 2329 1759 2367 4
1793 2323 1832 2367 si

147 2403 230 2434 om..
257 2388 335 2444 Fl
363 2386 535 2430 recisas
571 2385 628 2441 Q,
661 2384 829 2427 recidis
862 2385 911 2427 F
930 2386 943 2439 ΙΙ
970 2389 993 2426 5
1027 2384 1232 2426 infirmat
1263 2384 1357 2427 PL
1371 2384 1419 2439 Q,
1453 2383 1709 2426 infirmatas
1746 2383 1788 2428 G
1823 2383 1830 2442 Ι

147 2449 338 2504 repente
372 2446 508 2489 simul
541 2445 805 2501 EGiacys
829 2446 842 2499 ΙΙ
869 2449 892 2486 6
926 2446 1123 2499 pereunt
1154 2443 1245 2486 SE
1260 2444 1457 2499 Tiacys
1480 2446 1494 2499 Η
1522 2448 1575 2486 10
1607 2442 1707 2485 fieri
1740 2443 1831 2486 duo

148 2521 282 2551 nunc.
316 2508 423 2563 post
455 2506 505 2548 E
552 2507 556 2561 Ι
607 2506 904 2547 reseruantur
937 2502 1053 2545 etati
1085 2503 1135 2545 Ε
1178 2505 1191 2558 ΙΙ
1241 2507 1291 2544 11
1326 2501 1409 2545 Est
1443 2505 1599 2545 autem
1630 2501 1833 2545 inseren-

150 2567 261 2609 dum
287 2581 320 2621 p
364 2568 368 2623 Ι
405 2577 576 2622 genera
608 2578 689 2607 om.
719 2562 970 2618 PLQVG
1010 2565 1023 2617 ΙΙ
1062 2568 1113 2604 12
1141 2575 1250 2617 ergo
1283 2561 1366 2603 hec
1400 2561 1465 2605 sic
1499 2563 1547 2604 E
1583 2564 1597 2618 Η
1639 2566 1690 2604 13
1723 2560 1832 2604 niti-

151 2626 223 2669 dis
248 2626 296 2669 F
322 2628 325 2681 ξ
355 2624 530 2667 nitidus
563 2626 635 2666 est
666 2625 712 2665 et
738 2622 835 2664 sine
861 2621 1077 2664 cicatrice
1103 2623 1256 2677 iacys
1280 2623 1293 2676 Η
1321 2626 1373 2663 15
1407 2621 1662 2664 nitidamus
1687 2620 1830 2676 VGa,

149 2685 406 2728 nitidamus
447 2683 522 2726 uel
563 2681 810 2725 incidimus
838 2696 871 2736 p
918 2684 932 2735 ΙΙ
982 2686 1033 2723 16
1074 2684 1261 2724 tenuem
1294 2694 1374 2723 om.
1404 2681 1488 2736 Ep
1534 2683 1548 2736 Η
1596 2685 1647 2722 17
1681 2678 1832 2723 tribus

151 2759 233 2787 om.
261 2746 303 2787 L
349 2746 363 2800 ΙΙ
412 2748 465 2785 18
503 2741 850 2785 considerantes
887 2740 929 2783 G
979 2741 983 2797 Ι
1034 2740 1191 2783 fascea
1231 2739 1555 2795 PLQVEF,
1595 2738 1742 2781 fascia
1780 2740 1833 2782 in

150 2819 314 2847 rasura
346 2803 387 2845 (τ’
432 2804 446 2858 Η
496 2807 547 2844 19
581 2801 734 2844 locum
756 2816 777 2843 ,5-
823 2802 836 2855 ΙΙ
884 2804 938 2841 24
971 2799 1275 2854 relinquimus
1309 2814 1369 2842 ac
1415 2802 1428 2854 ΙΙ
1476 2804 1530 2841 25
1562 2797 1705 2854 iungo
1746 2799 1787 2841 L
1823 2798 1828 2856 Ι

153 2862 422 2919 stringimus
463 2859 891 2916 PLQVSETFae·
926 2860 930 2916 1
968 2861 1014 2902 913
1040 2886 1093 2890 -
1116 2871 1338 2915 ponemus
1372 2873 1453 2902 om.
1484 2859 1525 2901 G
1553 2858 1558 2915 Ι
1588 2871 1726 2913 supra
1759 2870 1787 2900 a
1819 2859 1834 2915 Η

153 2927 207 2965 26
241 2921 491 2977 ligauimus
525 2922 566 2964 L
