2014 3169
837 148 1030 193 AGRIC.
1056 150 1077 192 Ι
1103 154 1159 191 34
1765 149 1835 201 35

160 273 274 325 sine
320 272 436 323 luto
479 274 736 340 congesta
773 271 830 321 in
871 270 1112 327 ordinem
1153 288 1282 322 saxa
1322 273 1643 338 conponunt.
1705 287 1834 321 non-

155 347 295 398 nulli
340 344 502 398 fossis
550 345 726 412 spatia
774 343 995 396 colenda
1040 344 1414 413 praecingunt:
1472 344 1612 413 quod
1662 343 1835 394 uitan-

158 421 284 472 dum
324 423 421 486 est,
462 420 587 487 quia
624 419 786 470 horto
827 418 1077 470 subducit
1108 436 1335 483 umoreS,
1374 418 1480 470 nisi
1512 417 1650 470 forte
1684 417 1832 468 locus

155 492 413 563 palustris
457 492 678 545 colatur.
744 492 838 543 alii
879 491 1154 559 spinarum
1192 491 1408 559 plantas
1449 495 1503 544 et
1543 491 1747 543 semina
1778 491 1832 541 in

114 591 134 623 5
161 566 460 619 munitione
501 566 806 635 disponunt.
870 566 962 616 sed
1002 564 1193 616 melius
1236 566 1337 617 erit
1376 566 1498 617 rubi
1538 565 1742 617 semina
1782 568 1834 616 et
1875 563 1908 614 5

89 959 129 990 10

87 1697 128 1727 20

157 642 357 710 spinae,
398 658 534 708 quae
574 641 740 692 rubus
782 639 1001 692 caninus
1042 642 1282 706 uocatur,
1330 643 1541 691 matura
1580 638 1832 707 colligere

156 720 211 769 et
250 734 371 767 cum
409 715 585 766 farina
625 712 739 766 erui
779 731 842 764 ex
882 731 1021 781 aqua
1060 716 1329 765 macerata
1376 714 1621 765 miscere:
1679 712 1832 764 funes

156 788 346 842 dehinc
395 791 637 856 sparteos
684 791 895 839 ueteres
942 787 1045 839 hoc
1087 804 1281 856 genere
1322 785 1599 838 mixtionis
1642 787 1718 838 sic
1758 786 1835 837 in-

156 864 363 931 ducere,
400 866 462 913 ut
500 863 645 914 intra
675 861 829 912 funes
866 861 1071 912 semina
1103 863 1316 928 recepta
1350 864 1632 912 seruentur
1662 877 1832 927 usque

155 937 222 989 ad
267 937 419 988 uerni
466 935 725 1004 temporis
772 934 943 986 initia.
1021 939 1148 986 tunc
1193 935 1288 986 ubi
1328 935 1468 1003 sepis
1509 934 1693 986 futura
1734 938 1829 999 est,
1873 936 1904 987 6

156 1012 288 1063 duos
331 1011 506 1062 sulcos
547 1010 722 1062 tribus
763 1026 794 1059 a
833 1026 888 1060 se
927 1008 1152 1077 pedibus
1186 1012 1464 1077 separatos
1498 1006 1830 1076 sesquipedis

154 1085 438 1136 altitudine
479 1083 736 1135 faciemus
771 1086 824 1133 et
856 1100 951 1150 per
982 1086 1239 1150 utrosque
1272 1082 1425 1134 funes
1461 1101 1581 1134 cum
1615 1081 1831 1133 semini-

153 1159 254 1210 bus
296 1158 582 1210 obruemus
622 1157 730 1208 leui
770 1160 928 1207 terra.
992 1155 1069 1207 ita
1109 1156 1384 1208 tricesima
1417 1157 1500 1208 die
1533 1156 1832 1224 procedunt

155 1235 357 1300 senteS,
412 1249 545 1299 quos
593 1234 806 1282 teneros
856 1230 1193 1282 adminiculis
1244 1248 1376 1297 opus
1426 1234 1507 1282 est
1556 1230 1831 1281 adiuuare:

111 1328 130 1359 5
155 1307 246 1374 qui
284 1305 427 1357 inter
468 1323 521 1357 se
562 1323 657 1372 per
697 1304 874 1372 spatia
913 1322 1083 1356 uacua
1123 1303 1310 1355 relicta
1349 1303 1653 1373 iungentur.

263 1378 454 1431 Partes
496 1397 622 1430 sane
662 1378 809 1429 horti
851 1377 927 1430 sic
967 1377 1283 1429 diuidendae
1324 1381 1449 1429 sunt
1461 1418 1475 1444 7
1519 1384 1578 1429 ut
1616 1376 1737 1444 hae,
1777 1376 1831 1428 in
1877 1380 1903 1430 7

154 1453 349 1522 quibus
407 1456 663 1504 autumno
719 1451 1099 1520 seminabitur,
1158 1470 1317 1503 uerno
1374 1455 1616 1520 tempore
1668 1451 1831 1519 pasti-

151 1530 366 1579 nentur:
424 1545 556 1595 quas
613 1525 909 1577 seminibus
964 1543 1088 1577 uere
1137 1525 1529 1594 complebimus,
1586 1523 1831 1576 autumni

153 1605 395 1669 tempore
444 1600 756 1652 debebimus
805 1599 1047 1651 effodere.
1129 1600 1208 1651 ita
1254 1604 1481 1667 utraque
1532 1598 1830 1667 pastinatio

153 1676 478 1743 decoquetur
510 1673 767 1726 beneficio
803 1673 1004 1742 algoris
1039 1678 1131 1724 aut
1163 1674 1308 1726 solis,
1371 1691 1523 1725 areae
1557 1672 1829 1725 faciendae

154 1752 280 1801 sunt
328 1749 668 1817 angustiores
709 1750 762 1799 et
800 1746 1016 1816 longae,
1063 1747 1118 1798 id
1163 1751 1267 1815 est,
1315 1747 1595 1799 duodecim
1635 1746 1831 1814 pedum

150 1822 490 1892 longitudine
524 1826 577 1874 et
610 1840 702 1873 sex
733 1821 1034 1887 latitudine,
1076 1821 1151 1873 sic
1184 1824 1404 1889 propter
1438 1823 1614 1889 spatia
1645 1821 1831 1872 utrim-

152 1915 254 1964 que
308 1896 589 1965 purganda
644 1895 860 1946 diuisae.
946 1895 1216 1964 margines
1278 1913 1406 1946 uero
1460 1913 1642 1946 earum
1695 1894 1830 1946 locis

151 1969 347 2022 umidis
395 1970 481 2021 uel
532 1969 760 2037 inriguis
810 1969 1016 2020 duobus
1058 1969 1283 2036 pedibus
1324 1967 1621 2037 erigantur:
1674 1968 1830 2020 siccis

109 2065 127 2096 5
152 2062 259 2097 uno
301 2043 555 2095 extulisse
589 2042 835 2094 sufficiet.
895 2042 1037 2093 inter
1077 2060 1242 2110 areas,
1283 2043 1327 2094 si
1359 2059 1515 2094 umor
1548 2040 1829 2094 consueuit

154 2117 394 2185 effluere,
443 2116 618 2186 spatia
666 2117 863 2168 altiora
909 2115 1042 2184 ipsis
1092 2116 1228 2168 areis
1274 2134 1388 2168 esse
1428 2116 1721 2185 debebunt,
1768 2120 1829 2167 ut

152 2191 364 2244 facilius
419 2191 754 2260 ingrediatur
810 2208 989 2241 aream
1038 2190 1100 2242 de
1157 2188 1421 2260 superiori
1466 2193 1618 2258 parte
1673 2208 1829 2241 umor

273 2356 294 2393 1
328 2350 378 2393 in
410 2349 570 2394 ordine
603 2350 699 2392 VE
735 2352 748 2405 Η
789 2354 812 2391 2
855 2348 1127 2392 collocanda
1158 2350 1207 2392 E
1243 2352 1256 2405 Η
1302 2355 1330 2391 4
1368 2349 1590 2405 plaustris
1619 2349 1686 2403 L,
1726 2349 1829 2405 plu-

152 2409 258 2453 stris
295 2410 336 2453 G
375 2412 388 2466 ΙΙ
429 2414 453 2452 6
486 2408 712 2452 canninus
750 2409 806 2465 Q,
848 2410 1042 2451 uocatur
1074 2408 1264 2451 caninus
1298 2409 1342 2451 V
1379 2412 1383 2464 ξ
1427 2412 1612 2451 matura
1643 2422 1725 2451 om.
1748 2423 1783 2463 p

153 2473 176 2511 7
211 2471 257 2512 et
289 2483 370 2513 om.
396 2468 568 2525 LVSfl
599 2482 652 2511 ex
685 2481 777 2522 qua
810 2467 874 2510 Ll
913 2469 926 2524 Η
966 2472 990 2510 8
1025 2467 1192 2511 deinde
1218 2482 1254 2523 2⁹
1282 2468 1286 2525 Ι
1321 2468 1409 2510 hoc
1441 2480 1609 2523 genere
1642 2481 1724 2510 om.
1747 2481 1782 2521 p
1814 2466 1828 2522 Η

149 2527 373 2571 mixtione
414 2527 452 2569 si
483 2528 546 2582 L,
586 2526 800 2569 mixtioni
842 2526 908 2569 sio
945 2526 1043 2582 QT,
1083 2526 1319 2569 mixtionis
1359 2526 1574 2569 inducere
1613 2526 1826 2579 SFGE,

151 2586 216 2630 sic
248 2587 352 2630 incl.
378 2601 437 2643 09
467 2589 481 2642 Η
513 2592 536 2629 9
569 2585 692 2629 inter
723 2586 772 2628 E
793 2588 807 2641 Η
834 2590 886 2628 10
919 2585 1091 2641 teporis
1124 2587 1194 2643 Vl
1224 2599 1353 2641 sepes
1387 2585 1605 2642 SEz'ays
1629 2587 1642 2639 Η
1670 2589 1722 2627 11
1759 2598 1827 2627 se-

149 2648 339 2702 paratos
370 2645 591 2688 faciemus
624 2644 823 2700 sesquip.
859 2644 936 2687 alt.
972 2647 1018 2688 et
1042 2646 1091 2687 E
1112 2647 1125 2700 ss
1153 2650 1205 2687 15
1240 2644 1406 2699 quibus
1437 2643 1561 2686 inter
1592 2657 1639 2686 se
1673 2646 1825 2686 sentes

151 2719 211 2807 ῗὲ
218 2704 420 2806 ⁹112?ss
424 2704 564 2806 ¹²32?
565 2707 637 2806 Ξῗ
667 2718 724 2818 551
751 2706 952 2805 ἕὲωῗῗέἐ
982 2704 1349 2820 {3r303-1'1013ssi33
1372 2703 1634 2817 'tgffiffl‘ffii
1651 2703 1827 2804 {fiel

148 2822 311 2865 bemus
332 2823 374 2865 L
391 2800 488 2865 I'JF
498 2822 597 2866 GE
618 2778 711 2877 {1920
745 2778 1131 2877 deqiioqueturE
1156 2824 1161 2878 l
1191 2821 1361 2864 ausolis
1387 2821 1429 2864 G
1453 2777 1544 2877 ΙΙΙἾΖΙ
1579 2820 1717 2877 longe
1747 2820 1789 2864 G
1812 2821 1826 2878 ,ί

151 2886 206 2924 22
247 2883 294 2924 et
333 2881 426 2924 sint
462 2884 566 2937 (pro
599 2881 679 2924 sici
713 2881 822 2935 SE,
863 2883 914 2924 ut
954 2880 1047 2924 sint
1078 2896 1204 2937 acys
1243 2884 1248 2938 1
1291 2879 1499 2935 utrisque
1535 2879 1577 2923 G
1615 2882 1629 2936 ΙΙ
1677 2884 1730 2922 27
1766 2879 1825 2921 ad

156 2953 311 2983 aream
344 2941 392 2983 E
418 2945 423 2997 Ι
452 2939 606 2996 superi
637 2940 751 2997 LQ,
787 2939 1019 2996 superiore
1052 2940 1163 2997 Fys
