2014 3169
166 102 237 154 56
867 100 1149 143 PALLADH

178 223 342 274 altius
381 222 660 274 fodiendae
703 223 918 274 scrobes
953 240 1062 274 non
1096 225 1236 288 sunt⁷
1274 239 1340 273 ne
1371 222 1622 274 laborent
1653 223 1856 292 frigore

177 300 467 364 sarmenta,
506 314 640 364 quae
675 295 977 365 pangimus,
1039 296 1213 347 latera
1246 295 1527 348 scrobibus
1561 297 1857 365 aequaliter

175 370 351 422 incisa
391 371 522 433 sint,
560 388 627 421 ne
670 370 891 438 obliqua
928 370 1058 421 uitis
1101 369 1371 421 saucietur
1411 370 1516 421 alte
1556 370 1854 424 nitentibus

174 443 538 510 ferramentiS,
572 461 692 495 cum
725 443 902 495 fossor
933 443 1220 495 incumbet.
1283 443 1499 511 pastino
1531 462 1675 512 uer0,
1716 447 1857 514 quod

179 536 334 570 omne
366 517 690 582 uersabitur,
730 517 895 569 trium
926 518 1012 569 uel
1047 518 1274 569 duorum
1307 518 1467 568 semis
1501 519 1699 586 pedum
1732 519 1855 570 alti-
1899 539 1921 570 5

176 591 361 643 tudine
402 595 547 642 terra
585 592 839 643 uniuersa
877 591 1134 643 fodiatur:
1175 591 1232 641 in
1272 609 1377 659 quo
1421 590 1524 642 erit
1560 591 1855 661 diligentia,

173 684 240 717 ne
277 665 499 717 crudum
533 665 707 717 solum
739 665 925 716 fraude
952 665 1164 717 occulta
1188 665 1365 716 fossor
1388 663 1642 718 includat.
1697 685 1855 734 quam

174 757 290 791 rem
339 739 564 791 subinde
613 744 795 792 custos
843 739 1022 808 uirga,
1069 740 1126 790 in
1175 757 1279 807 qua
1325 739 1629 806 praedictae
1678 740 1856 792 altitu-

178 812 318 865 dinis
359 814 549 866 modus
591 813 905 882 designatus
948 817 1050 879 est,
1098 831 1193 881 per
1233 813 1429 881 spatia,
1478 830 1612 881 quae
1653 812 1856 865 fodiun-

175 892 280 953 tur,
321 887 583 955 exploret.
650 888 854 939 radices
897 905 1081 939 omnes
1123 891 1176 938 et
1216 890 1588 955 purgamenta,
1626 888 1855 939 maxime
1883 908 1925 939 10

178 960 300 1012 rubi
349 967 403 1012 et
451 961 633 1026 filicis,
682 961 735 1012 in
782 979 1051 1012 summum
1091 961 1266 1029 regeri
1306 960 1484 1012 faciat.
1557 978 1691 1028 quae
1733 980 1859 1013 cura

177 1035 234 1086 in
277 1035 423 1086 omni
461 1035 749 1103 positionis
792 1053 985 1104 genere
1027 1038 1079 1087 et
1117 1034 1315 1102 ubique
1357 1035 1620 1086 seruanda
1660 1038 1756 1087 est.

569 1227 667 1279 DE
710 1226 1022 1280 TABVLIS
1063 1226 1194 1280 VIN
1199 1227 1474 1280 EARVM.

87 1330 164 1382 XI
295 1331 530 1383 Tabulas
581 1335 761 1383 autem
808 1350 905 1399 pro
948 1331 1151 1383 domini
1190 1333 1471 1400 uoluptate
1511 1332 1597 1384 uel
1636 1331 1743 1383 loci
1781 1350 1860 1383 ra-

179 1405 328 1457 tione
369 1405 627 1458 faciemus
663 1406 775 1457 siue
808 1406 1080 1474 integrum
1113 1406 1361 1475 iugerum
1396 1406 1733 1458 continentes
1766 1424 1859 1457 seu
1886 1425 1929 1458 15

180 1479 417 1531 medium
474 1497 566 1531 seu
623 1480 1025 1548 quartanariam
1082 1480 1351 1549 tabulam,
1415 1498 1548 1548 quae
1613 1482 1861 1548 quartam

179 1554 354 1622 iugeri
394 1557 606 1622 partem
647 1553 908 1622 quadrata
949 1554 1211 1607 conficiet.

434 1746 532 1798 DE
575 1745 736 1798 ΜΕΝ
743 1745 934 1799 SVRA
972 1746 1267 1799 PASTINI
1306 1745 1614 1800 ITALIGA.

89 1849 197 1902 XII
311 1850 564 1902 Mensura
603 1869 730 1902 uero
771 1849 973 1919 pastini
1013 1851 1145 1903 haec
1178 1855 1261 1902 est
1293 1851 1349 1902 in
1380 1850 1566 1902 tabula
1599 1849 1861 1917 quadrata

177 1924 422 1993 iugerali‚
463 1928 524 1976 ut
564 1924 775 1977 centeni
817 1926 1067 1994 octogeni
1108 1924 1266 1993 pedes
1307 1943 1402 1993 per
1443 1923 1659 1992 singula
1689 1923 1861 1975 latera
1887 1944 1933 1975 20

180 1998 508 2068 dirigantur,
548 1999 639 2066 qui
679 1998 1026 2067 multiplicati
1067 2002 1333 2051 trecentas
1374 1998 1573 2067 uiginti
1613 2001 1667 2049 et
1708 2001 1860 2065 quat-

302 2133 323 2170 1
360 2128 550 2171 scrobae
576 2128 695 2184 5114
729 2129 964 2172 confossor
988 2130 1043 2184 L
1080 2144 1182 2172 cum
1213 2129 1305 2172 fors
1287 2143 1360 2172 sor
1388 2129 1441 2183 G
1475 2127 1574 2170 uini
1606 2127 1753 2171 fossor
1777 2127 1828 2170 F

178 2187 374 2230 Pastina
406 2188 470 2243 L
511 2188 691 2231 Pastini
725 2203 818 2245 czqs
865 2192 949 2245 [15
985 2203 1117 2232 0111116
1151 2189 1274 2244 quod
1307 2190 1324 2231 i
1369 2191 1383 2244 11
1431 2193 1454 2230 6
1488 2190 1612 2230 terra
1652 2201 1733 2230 om.
1768 2187 1818 2229 E

180 2246 422 2290 fodiantur
461 2224 527 2299 Ε
576 2247 780 2291 fodietur
818 2249 968 2305 icoc-ys
1020 2249 1024 2306 Ι
1076 2252 1145 2291 est
1195 2247 1459 2291 adhibenda
1502 2245 1750 2302 diligentia
1788 2259 1809 2289 3
1847 2245 1863 2304 Η

182 2312 208 2349 8
241 2305 528 2362 praedicitae
566 2307 607 2350 G
631 2309 643 2362 ΙΙ
670 2313 694 2350 9
734 2322 816 2364 per
856 2308 1009 2373 spatia
1041 2321 1160 2363 quae
1193 2307 1435 2372 fodiuntur
1468 2308 1621 2349 custos
1655 2304 1864 2371 exploret

182 2365 311 2423 virga
337 2380 372 2421 p
397 2369 410 2422 Η
453 2371 502 2408 11
539 2366 671 2422 rigiri
705 2368 753 2421 Ῑ
787 2367 935 2423 tegeri
968 2368 1018 2410 F
1048 2370 1061 2422 ,Ι
1103 2365 1336 2409 1201111113
1370 2367 1498 2422 Pl„
1474 2378 1640 2408 venere
1670 2363 1864 2421 positio-

182 2425 254 2468 nis
296 2426 386 2469 SE
423 2428 436 2481 ΙΙ
478 2430 532 2467 14
572 2426 818 2469 uoluntate
857 2427 1172 2483 TEFiacys
1211 2429 1224 2481 ΙΙ
1274 2431 1325 2468 15
1374 2424 1586 2479 iugerum
1633 2438 1714 2468 om.
1756 2424 1806 2466 E
1848 2422 1853 2519 1

111 2516 136 2525 -
184 2489 238 2527 16
273 2484 620 2540 quaternariam
660 2500 807 2530 onmes·
841 2492 1020 2541 praeter
1050 2501 1107 2543 93
1135 2490 1140 2541 1
1169 2484 1357 2528 tertiam
1389 2487 1494 2539 (pro
1526 2485 1758 2539 quartam)
1783 2497 1853 2539 p

186 2549 239 2587 18
273 2544 511 2587 ITALICA
544 2558 624 2587 om.
657 2545 791 2601 {liae
829 2548 843 2601 ΙΙ
885 2550 937 2588 19
970 2559 1079 2588 11610
1113 2559 1195 2587 om.
1222 2546 1238 2587 z·
1281 2545 1286 2601 Ι
1329 2546 1382 2586 ut
1413 2543 1462 2585 in
1494 2542 1659 2586 tabula
1691 2557 1734 2596 a,
1770 2543 1863 2599 [ut]

184 2602 231 2645 in
279 2603 443 2646 tabula
485 2618 571 2660 cys
617 2606 733 2658 1120
774 2604 906 2661 iuger
946 2604 1074 2647 aliud
1113 2604 1226 2660 LQ,
1275 2605 1328 2645 ut
1375 2616 1457 2645 om
1491 2616 1617 2659 (1693
1666 2603 1672 2656 Ι
1721 2600 1862 2657 pedes

185 2676 267 2705 om.
302 2664 351 2705 E
387 2665 400 2718 ΙΙ
442 2669 491 2706 21
537 2678 585 2705 in
626 2676 672 2706 se
712 2663 1014 2720 multiplicati
1055 2679 1103 2718 α
1153 2663 1220 2720 [111
1267 2663 1334 2719 se]
1382 2659 1685 2717 multiplicati
1725 2674 1811 2717 cys
1853 2660 1858 2718 Ι

185 2721 356 2778 uiginti
397 2725 443 2765 et
482 2722 607 2765 XIIII
645 2724 786 2779 pedes
826 2724 861 2767 S
897 2725 947 2766 in
988 2729 1131 2776 tenta
1180 2736 1290 2766 corr.
1335 2736 1383 2763 ιη
1425 2722 1645 2777 maryine,
1693 2719 1775 2762 XX
1817 2721 1864 2761 et

185 2759 562 2835 quoattuordecim
595 2782 662 2837 E,
703 2783 785 2825 XX
826 2785 873 2825 et
911 2782 995 2824 HII
1033 2783 1177 2836 pedas
1222 2782 1276 2835 G
1319 2783 1365 2823 et
1403 2780 1570 2822 XXIIII
1596 2794 1652 2835 p,
1693 2777 1865 2835 uiginti

187 2843 222 2884 δε
255 2842 338 2884 IIII
378 2842 678 2898 decempedes
718 2845 763 2897 (a
802 2857 944 2898 qupm
985 2842 1024 2883 V
1037 2842 1068 2896 2)
1110 2839 1351 2897 quadratis
1391 2842 1437 2894 (a
1475 2853 1617 2894 supra
1656 2838 1698 2880 V
1708 2815 1770 2894 ²)³³
1783 2837 1862 2892 V1,

185 2900 354 2957 viginti
388 2904 588 2956 quatuor
621 2902 661 2944 d
697 2917 738 2957 q.
774 2916 923 2958 cloys,
956 2900 1122 2957 viginti
1155 2901 1376 2955 quattuor
1410 2898 1452 2941 d
1487 2913 1527 2953 q.
1563 2899 1579 2940 ι’
