2014 3169
745 110 938 154 AGRIC.
964 111 985 153 Ι
1011 116 1123 154 1-2
1739 114 1771 165 3
1811 110 1814 114 ’

347 422 447 481 DE
488 420 942 476 PRAEOEPTIS
983 422 1110 474 REI
1147 421 1522 477 RVSTIGAE.

206 525 337 578 Pars
377 529 458 578 est
490 527 666 594 prima
697 525 1010 594 prudentiae
1042 527 1232 595 ipsam,
1274 528 1358 596 cui
1391 533 1772 597 praecepturus
1814 529 1840 580 I

99 619 176 668 es,
225 599 511 652 aestimare
560 617 855 668 personam.
933 618 1104 668 neque
1154 601 1294 653 enim
1336 602 1599 654 formator
1638 604 1774 672 agri-

96 675 245 726 colae
295 674 452 725 debet
501 674 708 726 artibus
758 677 811 726 et
858 674 1166 742 eloquentia
1213 675 1455 727 rhetores
1502 678 1773 745 aemulari⁷

55 768 74 800 5
101 748 239 816 quod
282 767 312 799 a
351 748 620 816 plerisque
660 747 864 800 factum
898 752 1000 799 est:
1043 748 1133 816 qui
1167 749 1292 800 dum
1325 749 1520 801 diserte
1553 751 1769 819 loquun-

97 826 187 873 tur
234 822 453 874 rusticis
468 865 479 889 ‚
527 821 765 873 adsecuti
806 825 953 888 sunt,
996 826 1057 874 ut
1099 840 1282 874 eorum
1323 823 1567 875 doctrina
1606 843 1702 877 nec
1745 844 1774 876 a

97 895 467 947 disertissimis
508 895 681 964 possit
719 895 987 964 intelligi.-
1035 896 1125 947 sed
1161 915 1260 948 nos
1293 897 1593 949 recidamus
1625 917 1774 966 prae-

95 968 319 1021 fationis
367 987 596 1035 moram,
650 987 739 1036 ne,
796 987 929 1037 quos
978 969 1437 1038 reprehendimuS‚
1486 971 1773 1024 imitemur.

98 1043 379 1095 dicendum
413 1046 592 1095 autem
622 1043 780 1094 nobis
814 1046 909 1111 est,
952 1044 996 1095 si
1030 1042 1211 1095 diuina
1242 1044 1491 1112 fauerint‚
1531 1045 1593 1097 de
1628 1049 1773 1097 omni

32 1138 74 1169 ιο
100 1117 431 1186 agricultura
479 1120 531 1168 et
577 1116 791 1185 pascuis
834 1121 888 1168 et
930 1117 1184 1169 aedificiis
1225 1117 1441 1170 rusticis
1484 1120 1772 1171 secundum

97 1190 394 1242 fabricandi
441 1192 734 1260 magistros
782 1195 836 1242 et
881 1209 1049 1259 aquae
1089 1191 1492 1244 inuentionibus
1534 1196 1587 1244 et
1629 1196 1774 1245 omni

97 1282 291 1334 genere
348 1283 555 1332 eorum,
614 1283 747 1333 quae
802 1265 889 1315 uel
945 1264 1118 1317 facere
1173 1266 1258 1317 uel
1307 1266 1514 1318 nutrire
1562 1271 1775 1335 oportet

97 1339 390 1407 agricolam
439 1339 647 1390 ratione
695 1338 995 1406 uoluptatis
1043 1343 1096 1390 et
1143 1338 1375 1405 fructus,
1432 1340 1542 1392 suis
1593 1344 1775 1393 tamen

95 1412 431 1481 temporibus
478 1430 573 1480 per
629 1412 881 1464 uniuersa
935 1412 1219 1465 distinctis.
1308 1431 1434 1466 sane
1482 1414 1538 1465 in
1584 1414 1773 1482 primis

32 1507 72 1538 15
96 1486 198 1538 hoc
240 1504 450 1538 servare
492 1486 764 1552 constitui,
804 1490 866 1538 ut
900 1505 960 1538 eo
993 1505 1191 1555 mense,
1233 1505 1337 1554 quo
1371 1488 1617 1555 ponenda
1649 1493 1775 1540 sunt

99 1560 335 1630 singula,
375 1578 495 1612 cum
536 1579 632 1612 sua
672 1561 818 1631 omni
860 1579 1089 1629 exequar
1129 1560 1426 1630 disciplina.

1816 1046 1844 1096 Ν)

99 1736 193 1789 DE
231 1701 631 1799 QVATTYOR
665 1735 916 1805 REBVS,
951 1736 1219 1798 QVIBVS
1250 1735 1774 1822 AGRICYLTVRA

740 1824 1131 1879 CONSISTIT.

205 1928 389 1981 Primo
436 1928 606 1997 igitur
654 1928 884 1997 eligendi
933 1932 986 1980 et
1032 1929 1165 1980 bene
1212 1929 1420 1981 colendi
1468 1930 1582 1999 agri
1632 1932 1770 1983 ratio
1804 1930 1858 1983 Π

31 2025 72 2055 20
98 2006 353 2071 quattuor
381 2003 540 2054 rebus
568 2006 794 2070 constat,
829 2002 972 2069 aere)
996 2021 1148 2071 aqua,
1180 2005 1339 2071 terra,
1371 2003 1651 2056 industria.
1709 2024 1770 2056 ex

96 2076 180 2128 his
227 2077 333 2128 tria
378 2077 665 2140 naturalia,
712 2095 878 2128 unum
924 2076 1200 2128 facultatis
1242 2080 1294 2128 et
1333 2077 1632 2130 uoluntatis
1674 2082 1770 2130 est.

93 2155 319 2202 naturae
368 2153 470 2219 est,
518 2150 659 2218 quod
702 2151 758 2201 in
797 2150 983 2218 primis
1026 2153 1264 2218 spectare
1307 2155 1546 2220 oportet,
1594 2156 1653 2204 ut
1695 2153 1769 2204 eis

94 2224 244 2291 locis,
270 2243 404 2292 quae
431 2224 601 2276 colere
628 2224 937 2291 destinabiS,
965 2242 1053 2276 aer
1078 2223 1148 2275 sit
1174 2224 1422 2276 salutaris
1449 2229 1502 2276 et
1522 2226 1770 2295 clemenS‚

12 2313 18 2318 ·
96 2316 234 2366 aqua
281 2298 511 2350 salubris
561 2301 614 2350 et
661 2297 860 2364 facilis,
906 2298 993 2350 uel
1033 2298 1111 2349 ibi
1149 2316 1373 2350 nascens
1414 2299 1500 2350 uel
1541 2300 1770 2352 adducta

31 2392 71 2424 25
95 2372 181 2423 uel
214 2372 385 2424 imbre
416 2371 655 2439 collecta,
687 2375 833 2423 terra
856 2390 984 2423 uero
1010 2371 1237 2424 fecunda
1263 2375 1315 2424 et
1342 2372 1450 2423 situ
1476 2374 1766 2424 commoda.

215 2492 237 2528 1
276 2487 316 2529 T
321 2500 377 2543 98
415 2487 568 2530 titulos
607 2493 710 2530 ante
748 2487 931 2543 singula
970 2488 1122 2542 capim
1154 2488 1365 2531 omittunt
1403 2490 1416 2543 Η
1456 2493 1480 2530 3
1515 2487 1576 2530 sis
1612 2487 1670 2544 Q2
1702 2490 1769 2544 (111

95 2547 314 2603 maryz'ne)
351 2547 503 2602 iacys
531 2548 534 2602 Ι
565 2545 787 2589 extimare
821 2547 839 2588 ι’
876 2549 889 2601 Η
928 2551 955 2588 4
987 2546 1185 2589 rhetoris
1221 2546 1317 2602 QV
1351 2549 1363 2602 ΙΙ
1404 2552 1428 2589 6
1463 2546 1677 2600 asequuti
1712 2547 1767 2601 G,

94 2604 182 2648 hoc
208 2607 514 2658 assequuntur
538 2619 559 2648 3
587 2607 591 2661 Ι
622 2610 644 2646 7
681 2619 707 2647 a
731 2604 1026 2661 peritissimis
1051 2619 1072 2648 s
1095 2607 1109 2660 ll
1135 2610 1158 2648 9
1195 2619 1221 2648 a
1244 2605 1378 2648 nobis
1401 2605 1441 2649 G
1470 2607 1473 2661 ξ
1512 2608 1581 2648 est
1605 2607 1770 2650 omittit

95 2664 145 2706 E
169 2666 174 2719 Ι
202 2663 374 2706 fauerit
407 2663 641 2706 dementia
666 2664 708 2706 V
728 2666 741 2719 ΙΙ
768 2669 819 2706 11
856 2666 902 2707 et
928 2677 1076 2718 aquae
1102 2665 1146 2706 V
1166 2665 1214 2706 in
1240 2678 1415 2719 rasura,
1444 2677 1691 2720 earumque
1714 2665 1765 2721 Q,

96 2735 344 2788 eorumque
377 2723 463 2765 iac
493 2725 506 2777 11
541 2726 604 2765 13-
627 2722 914 2765 ususfructus
946 2724 1005 2766 ia
1027 2726 1041 2777 11
1076 2728 1129 2766 14
1163 2723 1218 2766 de
1251 2726 1356 2790 (111·(1
1388 2723 1452 2779 in)
1492 2722 1550 2778 Q2
1581 2738 1761 2781 ..91111111
1758 2724 1761 2751 ¹

94 2781 242 2836 pomis
265 2782 301 2838 Q
311 2781 346 2825 S
358 2782 514 2835 TGF
540 2781 753 2837 impomis
780 2782 830 2836 V
856 2781 969 2825 uel
957 2797 1004 2824 in
1029 2781 1189 2838 primis
1216 2782 1250 2825 S
1271 2783 1322 2824 in
1346 2783 1548 2838 111α1·’91116
1571 2785 1584 2838 Η
1610 2787 1662 2825 21
1698 2754 1767 2825 est

96 2842 305 2884 omittunt
347 2840 523 2896 Gcths
561 2842 574 2895 ΙΙ
614 2846 667 2883 22
708 2818 878 2883 natu'ra
920 2841 960 2884 G
997 2844 1001 2894 Ῑ
1039 2842 1236 2897 spectari
1279 2840 1340 2886 G
1383 2843 1648 2896 exspectare
1686 2842 1753 2883 T
1751 2841 1766 2899 Ι

97 2904 150 2942 23
177 2899 375 2942 salubris
394 2914 441 2954 11,
467 2899 696 2942 naturalis
723 2901 771 2942 E
793 2903 805 2955 Η
831 2905 886 2943 24
914 2899 1101 2943 aliunde
1128 2903 1248 2956 (ante
1275 2900 1493 2957 adducta)
1518 2902 1675 2944 inseret
1702 2900 1766 2943 G3

1447 2973 1501 3015 1,,
