2072 3145
726 120 921 164 AGRIC.
948 121 1010 163 XI
1037 126 1209 164 12—14
1701 122 1807 174 223

129 242 270 294 uari:
321 242 470 293 cuius
519 242 686 295 talem
735 260 849 294 esse
888 246 1163 309 naturam,
1211 246 1273 294 ut
1321 246 1375 294 et
1417 243 1679 295 salsedine
1720 241 1808 294 uel

130 315 485 368 amaritudine
517 334 613 384 per
643 316 746 368 hoc
778 319 990 383 tempus
1026 319 1205 367 careat
1238 320 1292 368 et
1326 317 1508 368 odore:
1551 319 1604 369 et
1637 315 1807 367 dulcis

129 390 227 441 fiat
267 392 458 441 aetate.
523 408 651 459 ergo
693 389 805 442 eius
847 390 1234 458 octogesimam
1266 394 1476 458 partem
1508 393 1687 442 musto
1722 389 1807 440 ad·
1848 391 1883 442 3

130 464 359 515 miscent
393 467 447 514 et
472 464 628 533 gypsi
656 464 1172 532 quinquagesimam.
1224 468 1350 532 post
1375 465 1593 516 tertiam
1620 464 1808 516 deinde

88 558 106 588 5
133 538 273 589 diem
319 536 538 589 fortiter
578 541 922 590 commouent
962 555 1022 589 ac
1060 538 1386 606 pollicentur
1425 557 1532 590 non
1575 541 1809 590 aetatem

131 612 308 663 solum
354 611 505 677 uino,
555 612 646 663 sed
695 611 1032 679 splendorem
1082 630 1293 680 quoque
1342 612 1536 664 coloris
1586 611 1807 664 adferre.

131 688 347 753 oportet
395 690 575 737 autem
614 704 758 737 nona
798 704 1006 753 quaque
1048 686 1131 737 die
1171 686 1358 738 uinum
1398 687 1605 738 moueri
1646 689 1806 753 atque

129 759 304 811 curari
352 760 461 824 uel,
515 760 560 811 si
607 760 837 826 tardiUS,
884 760 1178 812 undecima.
1256 759 1507 828 frequens
1550 760 1691 812 enim
1731 777 1808 811 re-

130 837 345 901 spectus
385 833 548 886 faciet
586 832 838 903 iudicare,
876 837 1059 885 utrum
1090 834 1367 886 uendenda
1399 833 1470 886 sit
1503 835 1706 902 species
1741 851 1809 885 an

60 928 103 959 10
128 908 372 959 tenenda.
425 907 643 975 quidam
676 907 883 960 resinae
918 907 1089 960 siccae
1122 908 1283 960 tritae
1316 908 1501 960 uncias
1528 914 1637 960 tres
1665 908 1806 959 dolio

126 982 439 1050 inmergunt
494 985 547 1032 et
599 986 919 1050 permouent
973 985 1027 1034 et
1081 982 1208 1033 uina
1255 981 1519 1034 diuretica
1567 982 1643 1033 sic
1689 981 1807 1033 fieri

126 1073 284 1123 posse
338 1056 675 1123 persuadent.
752 1059 991 1107 mustum
1044 1074 1198 1125 uero,
1253 1056 1395 1125 quod
1449 1074 1545 1125 per
1590 1054 1804 1124 pluuias
1845 1055 1882 1106 4

126 1129 435 1197 frequentes
474 1129 592 1181 16116
634 1133 729 1194 est,
771 1130 846 1182 sic
887 1130 1062 1182 curari
1101 1130 1292 1182 debere
1333 1129 1620 1191 iusserunt,
1664 1130 1806 1198 quod

126 1203 347 1271 probari
396 1206 558 1273 gustu
603 1203 774 1272 ipsius
817 1205 1035 1272 poterit.
1107 1222 1261 1256 omne
1303 1207 1542 1256 mustum
1582 1204 1808 1272 decoqui

61 1299 101 1328 15
126 1278 329 1342 iubent,
363 1278 529 1329 donec
562 1296 685 1346 pars
720 1277 833 1329 eius
863 1278 1129 1346 uigesima
1152 1278 1327 1346 possit
1352 1278 1583 1330 absumi:
1613 1277 1805 1329 melius

128 1369 338 1419 quoque
364 1352 495 1419 fieri,
529 1352 574 1403 si
604 1352 950 1403 centesimam
976 1355 1185 1420 partem
1211 1351 1369 1421 gypsi
1394 1352 1614 1404 adicias:
1648 1350 1807 1404 Lace-

127 1426 435 1477 daemonios
469 1444 596 1477 uero
631 1444 691 1477 eo
725 1444 895 1494 usque
929 1426 1238 1494 decoquere,
1274 1427 1440 1479 donec
1472 1425 1587 1477 uini
1620 1425 1808 1494 quinta

126 1517 250 1566 pars
289 1503 489 1567 pereat,
529 1503 584 1551 et
624 1503 817 1567 quarto
860 1517 998 1551 anno
1038 1500 1226 1551 usibus
1259 1499 1582 1552 ministrare.
1641 1518 1805 1552 suaue
1846 1515 1881 1550 0

126 1574 312 1625 1111111111
352 1573 414 1625 (16
456 1575 587 1625 duro
627 1573 746 1625 fieri
786 1574 994 1640 docent,
1035 1574 1079 1625 si
1117 1573 1400 1626 hordeacei
1431 1574 1651 1642 pollinis
1687 1592 1807 1641 cya-

62 1667 104 1697 20
130 1646 255 1699 thos
309 1648 440 1699 duos
491 1648 649 1699 simul
699 1667 821 1700 cum
867 1647 994 1700 uino
1044 1649 1298 1700 subactos
1346 1648 1534 1699 mittas
1585 1648 1642 1699 in
1695 1647 1810 1698 uini

129 1722 348 1773 uasculo
403 1725 455 1773 613
504 1721 639 1773 hora
687 1740 795 1773 una
840 1721 918 1773 ibi
967 1739 1081 1773 esse
1128 1721 1369 1789 patiaris,
1455 1721 1623 1789 aliqui
1669 1721 1808 1773 feces

127 1795 244 1846 uini
278 1795 449 1847 dulcis
484 1795 793 1847 admiscent.
853 1794 1020 1863 aliqui
1047 1796 1248 1847 addunt
1274 1796 1603 1865 glycyridiae
1638 1795 1808 1847 siccae

130 1868 469 1936 aliquantum
510 1872 563 1920 et
602 1872 843 1935 utuntur,
886 1888 1006 1920 cum
1039 1869 1130 1920 diu
1161 1887 1416 1921 uasorum
1449 1870 1808 1921 commotione

129 1942 458 1994 miscuerint.
535 1941 722 1994 uinum
773 1961 984 2011 quoque
1032 1943 1176 1994 intra
1222 1961 1421 2011 paucos
1463 1942 1573 1995 dies
1616 1943 1810 2011 optimi

59 2036 99 2068 25
127 2017 305 2068 odoris
347 2016 502 2084 effici,
542 2017 586 2068 si
627 2017 788 2069 bacas
830 2017 995 2085 myrti
1032 2017 1262 2086 agrestis
1296 2021 1597 2086 montanas,
1638 2017 1807 2070 siccas

125 2093 179 2142 et
218 2094 406 2142 tunsas
447 2090 634 2142 mittas
676 2092 733 2141 in
773 2091 902 2142 cado
945 2095 998 2142 et
1037 2092 1219 2143 decem
1251 2091 1438 2143 diebus
1472 2091 1808 2159 requiescere

246 2270 270 2307 2
303 2279 386 2321 pro
418 2265 506 2308 hoc
538 2266 744 2321 tempore
778 2266 796 2307 i
819 2267 832 2321 ΙΙ
858 2270 883 2307 3
919 2266 1096 2308 aestate
1129 2265 1174 2321 S,
1209 2267 1357 2309 estate
1390 2267 1450 2320 Ε,
1485 2266 1579 2309 fiat.
1636 2265 1807 2308 Aetate

131 2324 281 2368 VGT
320 2327 324 2379 Ι
369 2338 476 2381 ergo
517 2324 606 2367 hac
647 2324 745 2367 eius
783 2324 823 2368 G
862 2326 875 2380 ΙΙ
916 2329 940 2366 6
981 2324 1077 2367 3010
1110 2326 1155 2368 L
1192 2327 1206 2380 ΙΙ
1246 2329 1270 2368 8
1305 2328 1351 2368 et
1385 2324 1423 2367 si
1454 2325 1514 2377 Ε,
1549 2324 1630 2367 sed
1663 2324 1701 2366 si
1728 2339 1762 2379 p
1793 2324 1807 2382 ΙΙ

127 2387 151 2425 9
185 2383 339 2425 uenda
371 2385 415 2426 L
444 2384 448 2439 Ι
479 2382 569 2426 sint
602 2384 652 2426 E
677 2385 682 2438 Ι
711 2382 886 2440 species
921 2397 1001 2426 om.
1028 2385 1078 2426 E
1103 2385 1108 2439 Ι
1139 2387 1221 2427 31113
1247 2398 1333 2439 pro
1367 2398 1426 2427 an
1457 2385 1506 2426 E
1528 2385 1542 2439 ΙΙ
1569 2388 1622 2425 10
1656 2383 1807 2425 siccae

125 2455 207 2485 om.
234 2442 284 2484 E
306 2444 319 2497 ΙΙ
346 2447 396 2484 11
430 2444 706 2498 promouent
730 2444 773 2486 L
802 2444 806 2499 Ι
836 2441 1061 2485 dioretica
1093 2443 1136 2485 V
1154 2446 1168 2500 ΙΙ
1195 2448 1247 2486 12
1279 2457 1362 2499 per
1393 2457 1475 2486 om.
1506 2443 1548 2486 G
1571 2444 1585 2498 ΙΙ
1612 2447 1664 2484 13
1699 2441 1807 2484 0101-

122 2500 216 2543 tari
248 2501 328 2556 ΕΙ
370 2501 536 2544 debere
568 2503 671 2545 incl
705 2516 726 2545 3
764 2504 778 2557 ΙΙ
819 2506 873 2543 14
906 2502 1141 2558 dequoqui
1172 2503 1215 2546 L
1254 2505 1268 2558 ΙΙ
1309 2507 1361 2544 16
1393 2504 1574 2558 partem
1606 2515 1687 2544 om.
1714 2501 1764 2543 E
1798 2501 1802 2559 Ι

122 2559 481 2603 Lacedaemonii
519 2562 643 2618 iacq
685 2563 698 2617 ΙΙ
748 2565 800 2602 19
843 2559 988 2604 ciatos
1022 2562 1064 2603 V
1072 2561 1124 2617 S,
1167 2561 1351 2616 quiatos
1393 2562 1497 2613 PT,
1540 2562 1705 2615 quatos
1749 2559 1804 2614 G,

124 2619 263 2662 cados
296 2618 347 2661 E
382 2620 397 2674 ΙΙ
436 2623 488 2661 21
524 2620 768 2663 1133011111111
804 2619 845 2663 G
873 2621 877 2676 Ι
906 2619 1076 2664 ibidem
1112 2598 1162 2664 'E
1195 2620 1200 2678 Ι
1235 2620 1330 2662 Α111
1363 2620 1413 2663 Ε
1438 2620 1442 2676 Ι
1474 2618 1684 2674 aliqui—
1695 2618 1805 2661 mis-

124 2677 304 2721 cuerint
335 2691 416 2721 om.
444 2692 480 2733 p
503 2680 516 2734 ΙΙ
543 2684 595 2720 22
630 2678 905 2735 glyciridiae
938 2680 1031 2723 PL
1050 2680 1240 2734 VTGz
1275 2677 1537 2735 gliciridiae
1570 2678 1614 2733 S,
1648 2676 1804 2734 gliciri

124 2736 199 2780 die
231 2737 290 2791 Ε,
322 2735 578 2791 liquiriscie
612 2739 669 2790 F,
704 2737 952 2794 glycirizae
985 2754 1033 2793 (ι,
1077 2738 1374 2795 glycyrhizae
1407 2752 1494 2795 098
1527 2735 1803 2793 (liquiritiae

130 2796 233 2853 Vey.
260 2811 300 2839 a.
328 2809 365 2839 v.
393 2799 435 2848 4,
461 2798 505 2852 9)
553 2799 566 2852 ΙΙ
613 2802 668 2839 23
704 2775 1054 2852 aliquantulum
1092 2799 1245 2854 iacys
1291 2800 1305 2853 ΙΙ
1348 2802 1404 2840 24
1442 2795 1682 2840 miscuerit
1720 2796 1764 2838 V
1788 2796 1804 2854 ΙΙ

125 2859 178 2897 25
212 2854 377 2898 coloris
408 2870 426 2897 z
454 2856 458 2911 Ι
489 2858 695 2911 agrestes
733 2856 774 2899 G
798 2858 811 2912 ΙΙ
837 2861 890 2899 26
923 2859 1081 2900 tonsas
1114 2857 1164 2900 E
1189 2860 1194 2913 Ι
1222 2856 1383 2899 mittas
1416 2870 1498 2900 om.
1525 2856 1575 2898 E
1600 2857 1605 2912 Ι
1636 2855 1722 2898 cad
1725 2869 1803 2897 um

122 2913 350 2970 EGacy,
385 2913 552 2956 cabum
582 2928 603 2958 3
