2014 3169
181 125 288 177 194
881 123 1163 167 PALLADII

179 245 409 298 dubites,
461 245 592 297 item
625 244 670 297 si
703 263 799 297 uas
832 246 987 315 figuli
1015 246 1215 298 siccum
1239 263 1412 314 neque
1439 250 1653 299 coctum
1678 248 1863 300 eadem

179 319 389 371 ratione
437 323 672 388 ponatur
712 338 772 372 66
814 319 1065 372 similiter
1106 320 1406 388 operiatur:
1456 321 1628 373 altero
1670 321 1777 389 die,
1818 321 1864 373 si

179 411 441 462 aquarum
487 412 626 446 uena
674 397 778 462 est,
825 393 882 445 in
924 394 1198 462 praesenti
1238 411 1333 445 uas
1376 398 1635 463 concepto
1675 413 1863 448 umore

181 468 436 520 soluetur.
491 467 625 519 item
657 468 830 520 uellus
862 467 1017 519 lanae
1051 486 1218 537 aeque
1251 467 1494 536 positum
1524 469 1612 522 uel
1647 486 1862 538 cooper-

179 545 319 610 tum,
375 541 422 592 si
468 545 683 594 tantum
733 541 944 612 colligit
992 542 1219 610 umoris,
1276 545 1337 592 ut
1390 541 1496 594 alia
1542 543 1625 594 die
1671 542 1864 595 fundat
1912 564 1932 596 5

107 617 136 667 7
182 633 509 684 expressum,
543 615 726 684 copias
759 616 936 668 inesse
970 615 1278 668 testabitur,
1329 615 1462 667 item
1493 617 1711 669 lucerna
1744 617 1862 670 oleo

179 690 339 758 plena
394 694 447 742 et
501 690 741 758 incensa,
798 689 844 741 si
898 690 974 742 ibi
1031 690 1283 742 similiter
1333 693 1477 742 tecta
1523 694 1757 759 ponatur
1811 695 1865 743 et

181 767 365 816 secuto
408 763 490 815 die
531 764 842 816 inueniatur
883 764 1120 817 extincta
1160 764 1542 832 superantibus
1575 765 1865 832 alimentis,

181 856 345 906 aquas
386 838 529 890 idem
568 838 719 890 106113
758 838 999 890 habebit.
1065 838 1198 890 item
1239 838 1285 889 si
1324 838 1382 890 in
1422 856 1483 890 eo
1523 838 1643 891 1060
1683 838 1865 891 focum

178 912 369 964 feceris
411 915 465 964 et
505 916 651 964 terra
690 916 955 980 uaporata
994 913 1237 964 umidum
1276 911 1486 964 fumum
1518 912 1865 966 nebulosum-
1890 933 1935 964 10

181 1005 281 1055 que
337 987 656 1055 ructauerit,
712 1005 878 1054 aquas
931 987 1105 1039 inesse
1159 1004 1465 1056 cognosces,
1543 985 1628 1039 his
1681 987 1864 1056 itaque

179 1061 410 1129 repertis
445 1064 591 1113 certa
623 1060 906 1130 signorum
938 1061 1188 1113 firmante
1221 1060 1420 1113 notitia
1444 1063 1669 1129 puteum
1693 1060 1865 1113 fodies

180 1138 233 1186 et
274 1153 443 1203 aquae
485 1138 647 1203 caput
686 1135 926 1203 requires
973 1136 1083 1202 uel,
1125 1135 1170 1187 si
1210 1135 1366 1203 plura-
1407 1138 1555 1203 sunt,
1602 1135 1659 1187 in
1697 1153 1866 1188 unum

181 1209 417 1279 colliges
497 1213 681 1261 tamen
728 1209 959 1261 maxime
1010 1210 1108 1262 sub
1160 1209 1432 1261 radicibus
1488 1210 1756 1262 montium
1810 1210 1868 1261 in

182 1283 614 1352 septemtrionali
662 1287 816 1352 parte
858 1284 1190 1352 quaerendae
1233 1286 1359 1335 sunt
1399 1301 1591 1351 aquae,
1640 1284 1766 1352 quia
1810 1283 1865 1335 in
1891 1303 1935 1335 15

177 1357 263 1409 his
305 1357 438 1409 locis
481 1357 655 1427 magis
699 1357 976 1410 abundant
1017 1357 1368 1426 utilioresque
1408 1361 1716 1411 nascuntur.

816 1549 914 1601 DE
957 1548 1232 1602 PVTEIS.

93 1651 256 1704 VIIII
375 1651 479 1706 Sed
518 1654 575 1705 in
614 1652 879 1705 fodiendis
919 1652 1097 1722 puteis
1140 1653 1437 1706 cauendum
1478 1655 1560 1704 est
1596 1651 1865 1704 fossorum

181 1727 503 1797 periculum,
553 1728 809 1796 quoniam
852 1728 1168 1796 plerumque
1209 1731 1353 1779 terra
1394 1726 1587 1794 sulfur,
1637 1726 1867 1794 alumen,

181 1802 427 1854 bitumen
456 1802 650 1870 educit,
684 1821 914 1871 quorum
939 1802 1163 1871 spiritus
1189 1801 1345 1852 mixti
1372 1800 1671 1852 anhelitum
1695 1800 1864 1869 pestis
1892 1821 1936 1852 20

183 1876 438 1928 exhalant
479 1879 533 1928 et
575 1876 852 1945 occupatis
892 1876 1080 1928 statim
1118 1875 1342 1928 naribus
1385 1877 1708 1943 extorquent
1752 1874 1866 1926 ani-

182 1968 314 2018 mas,
353 1949 460 2002 nisi
502 1951 621 2019 quis
662 1950 822 2020 fugae
865 1950 971 2002 sibi
1012 1950 1302 2002 uelocitate
1345 1952 1637 2001 succurrat.
1714 1948 1864 2016 prius

182 2041 311 2093 ergo
355 2042 516 2092 quam
557 2025 912 2077 descendatur
953 2025 1018 2077 ad
1057 2023 1273 2092 intima,
1313 2023 1371 2075 in
1410 2023 1485 2075 eis
1526 2021 1659 2075 10613
1699 2022 1867 2074 111661-

180 2116 306 2150 nam
360 2115 528 2166 pones
586 2117 880 2151 accensam.
960 2117 1093 2169 quae
1150 2099 1196 2150 si
1244 2096 1482 2150 extincta
1532 2115 1640 2149 non
1687 2095 1866 2164 fuerit,

180 2172 481 2240 periculum
519 2191 631 2225 non
669 2173 910 2225 timebis:
953 2173 999 2225 si
1031 2191 1159 2225 uero
1195 2172 1554 2241 extinguetur,
1598 2170 1864 2223 cauendus
1892 2192 1935 2224 25

109 2247 144 2298 2
185 2250 267 2298 est
307 2247 473 2315 106113,
515 2266 672 2316 quem
713 2246 938 2315 spiritus
980 2246 1227 2299 mortifer
1268 2246 1566 2314 occupauit.
1637 2244 1780 2313 quod
1821 2244 1866 2296 si

181 2320 287 2372 alio
328 2321 449 2373 1060
492 2340 632 2390 aqua
670 2339 778 2373 non
818 2324 1001 2389 potest
1040 2321 1295 2388 inueniri,
1344 2320 1563 2372 dextera
1604 2319 1865 2387 laeuaque

301 2456 325 2493 2
361 2452 507 2495 altero
541 2465 649 2496 uero
686 2452 818 2507 Gas,
854 2452 1001 2495 altero
1035 2453 1185 2510 [uero]
1218 2466 1275 2509 69
1321 2454 1335 2507 Η
1374 2455 1399 2493 3
1433 2452 1503 2493 est
1533 2449 1582 2492 in
1614 2448 1865 2506 praesenti,

179 2525 262 2553 vas
294 2525 315 2554 s
344 2514 348 2563 Ι
378 2514 600 2567 concepto
633 2511 826 2554 humore
859 2525 943 2553 uas
969 2512 1019 2554 E
1040 2514 1053 2566 Η
1078 2516 1104 2553 4
1139 2515 1183 2555 et
1217 2512 1485 2567 coopertum
1509 2523 1530 2553 s
1554 2512 1568 2565 ΙΙ
1593 2514 1617 2552 6
1653 2507 1865 2565 copiosas

181 2583 279 2613 esse
321 2571 371 2612 E
413 2573 427 2625 Η
475 2576 498 2613 7
550 2584 746 2614 66661136
794 2585 921 2627 (ceys
971 2573 976 2625 1
1029 2570 1247 2626 311111110
1296 2569 1333 2611 31
1380 2568 1447 2612 ibi
1488 2568 1600 2622 LF,
1649 2581 1730 2612 om.
1773 2567 1816 2610 V
1861 2567 1866 2683 Ι

181 2634 206 2672 8
256 2630 457 2673 seeundo
510 2630 563 2684 G,
614 2630 826 2685 sequenti
873 2630 922 2673 E
969 2631 974 2687 Ι
1027 2628 1266 2673 elementis
1314 2630 1332 2671 z·
1378 2631 1391 2684 Η
1446 2633 1470 2671 9
1520 2627 1683 2671 eodem
1730 2626 1822 2670 SE

183 2693 237 2731 10
277 2691 508 2745 uaparata
551 2689 593 2733 G
638 2692 651 2744 11
702 2694 752 2731 11
797 2688 1035 2745 cognoscis
1077 2690 1171 2733 PL
1188 2687 1511 2733 VGSETFz'
1555 2689 1569 2742 Η
1618 2691 1672 2729 13
1712 2684 1864 2740 requi-

180 2748 242 2790 ris
278 2748 368 2791 SE
397 2751 410 2804 Η
445 2753 496 2791 16
530 2748 756 2791 utiliores.
799 2761 919 2804 quae
953 2749 1026 2804 Vl!
1062 2754 1112 2791 17
1148 2748 1226 2791 DE
1260 2745 1564 2790 PVTANDIS
1597 2746 1671 2801 1711
1699 2749 1752 2788 18
1786 2744 1864 2787 de-

182 2806 415 2850 fodiendis
459 2808 501 2851 G
546 2811 560 2864 ΙΙ
617 2812 670 2850 19
720 2808 909 2851 sulfura.
967 2807 1121 2850 lumen
1163 2808 1214 2862 V,
1264 2806 1468 2863 sulphur.
1527 2805 1712 2848 alumen
1763 2803 1804 2847 G
1850 2804 1865 2862 11

183 2870 238 2908 20
269 2866 527 2910 hanelitum
559 2869 577 2910 i
601 2869 614 2923 Η
640 2872 691 2909 21
719 2867 910 2910 naribus
937 2867 1098 2910 statim
1123 2867 1213 2910 SE
1235 2869 1249 2922 Η
1276 2871 1329 2908 23
1355 2865 1524 2908 ultima
1540 2865 1590 2908 E
1611 2866 1624 2920 ΙΙ
1650 2868 1706 2906 24
1728 2861 1865 2919 ponis

179 2939 330 2970 omne-s·
353 2929 367 2981 il
392 2931 446 2969 25
481 2926 782 2983 extinguatur
807 2928 880 2970 Ei
903 2929 917 2983 ll
943 2931 996 2971 ‘26
1024 2925 1273 2983 occupabit
1297 2939 1446 2970 onmes
1469 2927 1484 2982 ΙΙ
1509 2928 1563 2967 27
1590 2923 1752 2966 dextra
1777 2922 1864 2966 Ea
