2014 3169
193 140 265 192 90
897 135 1179 179 PALLADH

193 259 467 328 relinquit,
510 276 737 326 quarum
777 258 927 309 uirus
969 257 1144 308 oleam
1183 259 1354 308 necat.
1430 255 1564 308 locis
1607 255 1874 307 aestuosis

195 331 623 403 septemtrionali
664 331 813 399 colle,
853 331 1066 399 frigidis
1099 329 1394 382 meridiano
1431 329 1644 399 gaudet,
1683 329 1875 381 mediis

194 408 348 461 cliuis
397 407 708 458 delectatur.
784 423 956 472 neque
1004 405 1174 456 imum
1217 404 1397 455 locum
1434 421 1607 472 neque
1648 404 1877 455 arduum

192 482 420 550 patitur,
460 481 635 549 magis
676 479 914 531 modicos
957 479 1150 545 cliuos,
1191 477 1332 529 sicut
1371 480 1454 529 est
1493 477 1643 547 regio
1685 475 1877 529 sabina

191 556 281 607 uel
327 555 552 606 baetica.
629 554 885 605 bacarum
934 570 1102 621 genus
1150 569 1498 603 numerosum
1546 554 1629 603 est
1669 555 1722 602 et
1759 551 1875 619 plu·
1923 571 1942 603 5

191 630 332 681 rium
365 628 771 695 uocabulorum,
811 627 951 678 sicut
982 626 1186 694 pausia,
1228 625 1420 692 orchiS,
1453 625 1649 693 radius,
1682 624 1875 694 sergia,

193 703 398 771 licinia,
448 702 681 754 cominia
727 705 780 753 et
829 704 1060 767 ceterae,
1117 718 1248 768 quas
1303 698 1582 750 nominare
1632 717 1742 750 non.
1790 697 1877 750 ad-

193 778 344 829 tinet.
422 776 612 844 pausia
659 775 1069 828 tamenoleum
1110 774 1252 841 quod
1291 773 1489 840 reddit,
1537 773 1662 825 dum
1703 772 1876 824 uiride

195 855 297 920 est,
347 851 635 919 optimum,
684 850 776 900 sed
821 848 928 900 cito
970 851 1243 900 uetustate
1285 846 1660 914 corrumpitur.
1741 846 1877 915 opti-

195 945 343 977 mum
391 924 576 976 licinia
624 925 736 991 dat,
782 923 1076 991 plurimum
1126 921 1317 991 sergia.
1395 920 1488 973 sed
1535 920 1598 971 de
1641 920 1726 972 his
1774 921 1877 972 hoc
1902 942 1947 972 10

195 999 518 1069 generaliter
565 998 901 1066 praecepisse
951 995 1204 1063 sufficiet,
1252 995 1483 1046 maiores
1529 994 1692 1046 bacas
1742 994 1877 1061 cibo,

121 1090 156 1124 o
197 1074 430 1126 minores
489 1073 604 1124 0160
661 1071 989 1140 profuturas.
1069 1069 1114 1121 si
1169 1069 1554 1121 frumentarius
1603 1085 1733 1138 ager
1780 1071 1879 1135 est,

197 1167 357 1216 quem
398 1147 728 1199 conserimus
771 1146 997 1213 oliueto,
1047 1142 1406 1212 quadragenis
1454 1143 1596 1194 inter
1641 1160 1696 1193 se
1735 1141 1879 1210 pedi-

193 1223 294 1274 bus
329 1222 547 1288 distent,
581 1221 626 1272 si
660 1238 854 1286 macer,
887 1219 1091 1271 uicenis
1127 1218 1321 1285 quinis.
1377 1217 1569 1268 melius
1602 1215 1878 1283 faciemus,

195 1296 241 1348 si
288 1296 500 1348 ordines
549 1295 606 1346 in
655 1294 935 1346 fauonium
976 1292 1287 1361 dirigamus.
1367 1310 1488 1343 cum
1529 1291 1877 1359 deponentur,
1905 1311 1946 1344 15

193 1370 247 1422 in
276 1370 491 1423 scrobes
518 1368 686 1421 siccas
714 1368 1116 1420 constituantur
1144 1365 1420 1434 quaternis
1444 1364 1668 1432 pedibus
1688 1364 1877 1416 fossas,

195 1445 379 1514 glarea
419 1444 599 1511 etiam,
638 1443 732 1493 ubi
771 1442 977 1510 lapides
1011 1440 1294 1507 defuerint,
1335 1440 1626 1491 misceatur
1659 1442 1714 1490 et
1746 1441 1878 1490 ster-

194 1537 301 1570 cus.
365 1518 410 1570 si
452 1518 664 1570 clausus
705 1517 855 1569 locus
898 1519 994 1582 est,
1035 1514 1240 1566 modice
1283 1532 1445 1582 supra
1485 1517 1702 1576 terram,
1743 1530 1877 1581 quae

192 1596 489 1661 ponuntur,
538 1592 821 1643 emineant.
903 1589 948 1641 si
993 1606 1188 1658 pecora
1228 1588 1607 1655 formidantur,
1656 1586 1876 1639 altiores

192 1667 372 1719 trunci
412 1685 526 1718 esse
568 1665 855 1717 debebunt.
930 1663 989 1715 in
1028 1663 1183 1715 siccis
1226 1681 1353 1714 uero
1394 1661 1713 1730 prouinciis,
1754 1679 1876 1713 cum
1902 1683 1945 1714 20

118 1740 150 1791 6
190 1742 405 1809 pluuiae
448 1741 661 1806 desunt,
710 1742 764 1791 et
803 1738 981 1808 rigare
1023 1737 1318 1788 conueniet.
1398 1736 1443 1787 si
1482 1735 1762 1803 prouincia
1800 1735 1877 1786 in-

193 1814 343 1884 diget
385 1814 599 1867 oliuetis
642 1817 696 1865 et
733 1832 844 1865 non
884 1815 981 1880 est,
1020 1811 1159 1863 unde
1199 1811 1387 1879 planta
1424 1813 1682 1877 sumatur,
1724 1808 1877 1860 semi-

191 1889 404 1941 narium
451 1888 757 1940 faciendum
804 1890 908 1953 est,
962 1886 1015 1937 id
1066 1888 1171 1953 est,
1227 1884 1415 1936 tabula
1466 1883 1681 1950 effossa,
1738 1883 1878 1936 sicut

191 1964 436 2031 superius
471 1963 596 2030 dixi,
636 1965 696 2013 ut
736 1960 828 2028 ibi,
870 1961 1008 2012 sicut
1042 1958 1342 2011 Columella
1374 1958 1519 2026 dicit,
1559 1958 1698 2009 rami
1730 1975 1877 2009 serra

191 2038 348 2089 incisi
379 2037 437 2088 in
469 2037 689 2088 modum
723 2033 1151 2103 sesquipedalem
1185 2034 1534 2102 deponantur.
1596 2031 1717 2084 inde
1750 2034 1876 2100 post
1901 2054 1944 2087 25

315 2232 336 2269 1
371 2226 520 2269 uirtus
554 2227 603 2269 E
629 2228 633 2281 Ι
662 2228 838 2281 nequat
866 2226 915 2268 E
930 2225 943 2249 ¹
971 2227 976 2281 Ι
1007 2224 1144 2268 Oliua
1175 2223 1288 2267 locis
1322 2223 1414 2266 SE
1439 2223 1443 2279 Ι
1473 2221 1688 2265 estiuosis
1722 2220 1880 2277 <aesti-

194 2286 337 2343 uosis)
380 2288 473 2329 PL
492 2286 794 2329 VGSETF
835 2287 849 2340 ΙΙ
895 2291 922 2327 4
957 2284 1101 2327 cliuos
1143 2282 1379 2326 desiderat
1419 2281 1492 2327 18¹².
1535 2280 1680 2324 cliuos
1721 2279 1880 2337 diligit

194 2347 330 2399 Eas,
366 2346 419 2388 01.
456 2345 652 2403 [diligit]
687 2360 744 2400 cs]
783 2347 796 2400 ΙΙ
838 2350 862 2387 5
895 2343 1083 2386 boetica
1114 2344 1184 2397 Vl
1213 2343 1438 2385 Becarum
1470 2341 1521 2396 V,
1556 2339 1774 2383 Olearum
1801 2354 1836 2395 p
1871 2339 1877 2398 Ι

191 2405 443 2461 plurimum
477 2406 571 2448 PL
590 2405 749 2458 VFG,
783 2402 1088 2460 plurimorum
1120 2402 1247 2457 SEp
1279 2404 1292 2457 ΙΙ
1324 2406 1348 2444 6
1384 2402 1492 2442 sunt
1517 2414 1604 2456 pro
1636 2399 1756 2442 sicut
1788 2399 1839 2442 E
1866 2398 1881 2456 Η

194 2465 355 2508 orches
392 2464 744 2520 PLQVTFi,
786 2463 980 2507 horches
1018 2462 1079 2516 G,
1122 2475 1248 2504 orces
1282 2460 1334 2513 S,
1377 2473 1530 2502 corces
1562 2459 1612 2502 E
1647 2461 1662 2514 ΙΙ
1703 2463 1726 2501 7
1767 2457 1880 2501 omi-

193 2524 284 2567 nia.
342 2526 388 2566 et
431 2525 586 2566 cetera
626 2537 714 2578 que
749 2523 798 2566 E
842 2524 855 2578 ΙΙ
903 2527 927 2564 8
970 2521 1080 2563 dum
1112 2535 1194 2564 om.
1222 2535 1257 2576 p
1303 2522 1317 2575 ΙΙ
1365 2524 1388 2561 9
1424 2521 1493 2562 est
1519 2524 1622 2574 post
1653 2516 1881 2574 optimum

193 2585 278 2627 ins.
319 2584 444 2628 Tas.
486 2583 595 2640 [est]
636 2597 695 2639 cy
749 2584 762 2637 ΙΙ
819 2586 872 2623 10
913 2581 1029 2623 haec
1070 2581 1280 2636 Eiaeys
1326 2581 1339 2634 ΙΙ
1389 2583 1438 2620 11
1482 2577 1764 2634 praecipisse
1798 2577 1876 2632 Vl

195 2642 397 2685 sufficiat
430 2643 479 2684 E
541 2646 545 2697 Ι
611 2641 809 2684 maiores
836 2639 1182 2696 —profuturas
1234 2653 1315 2681 om.
1352 2653 1386 2693 p
1447 2640 1460 2693 ΙΙ
1525 2643 1577 2680 13
1633 2634 1880 2692 quadrige-

192 2701 265 2744 nis
307 2703 350 2745 L
403 2702 417 2758 ΙΙ
475 2707 529 2743 14
568 2701 759 2744 uicenus
794 2701 856 2754 L,
898 2699 945 2742 in
988 2698 1112 2741 cenis
1144 2714 1194 2753 p,
1236 2712 1316 2740 om.
1356 2699 1373 2738 «ιῖ
1419 2699 1433 2752 ΙΙ
1482 2702 1534 2739 15
1576 2695 1754 2739 fauorio
1788 2695 1878 2748 ΕΙ,

194 2760 383 2804 fauonio
431 2760 507 2803 Ε2
561 2762 575 2817 Ιῑ
632 2765 683 2802 16
734 2759 854 2802 sicce
898 2774 930 2813 p
974 2759 978 2814 Ι
1029 2758 1150 2801 fosse
1193 2772 1226 2812 p
1279 2759 1292 2812 ΙΙ
1350 2761 1402 2798 17
1458 2755 1525 2799 ibi
1581 2756 1623 2799 L
1669 2757 1682 2811 ΙΙ
1729 2758 1781 2797 21
1834 2756 1882 2797 et

196 2834 278 2863 om„
309 2820 558 2876 QTiacgys·
602 2821 606 2874 Ι
650 2819 710 2861 Et
744 2818 782 2861 si
814 2820 832 2860 κ’
878 2820 891 2873 ΙΙ
939 2822 992 2859 22
1036 2819 1105 2860 est
1147 2815 1460 2859 seminarium.
1524 2814 1600 2857 uel
1641 2813 1764 2856 unde
1811 2812 1880 2856 fa-

198 2878 412 2921 ciendum
460 2881 528 2921 est
573 2877 872 2921 seminarium
906 2877 955 2919 E
991 2879 1004 2932 ΙΙ
1046 2882 1100 2917 24
1133 2875 1214 2918 ubi
1249 2875 1321 2932 ΡΙ
1360 2874 1478 2917 dixit
1510 2874 1559 2916 E
1595 2875 1609 2928 ΙΙ
1653 2878 1706 2915 25
1741 2871 1881 2928 depo-

194 2940 367 2980 nuntur
401 2938 449 2980 E
