2072 3145
107 944 148 974 10

107 1832 148 1863 20

780 131 974 176 AGRIC.
1000 132 1085 174 ΠΉ
1110 136 1255 175 9—10
1754 133 1855 183 127

174 256 334 309 aliter
376 255 582 308 semina
619 253 925 323 putrefacta
965 254 1274 322 depereunt.
1336 253 1436 306 hoc
1474 272 1655 305 mense
1690 254 1948 307 blitus17

174 330 371 383 seritur
419 329 536 381 solo
587 329 965 398 qualicumque
1011 328 1102 378 sed
1143 327 1307 380 culto.
1385 328 1503 380 olus
1543 328 1647 380 1100
1686 346 1858 396 neque

172 403 505 457 runcandum
539 407 622 455 est
652 420 825 471 neque
859 401 1250 454 sarculandum.
1317 420 1437 454 cum
1473 402 1637 454 semel
1669 405 1859 453 natum

173 478 354 545 fuerit,
385 477 566 546 ipsum
599 495 654 529 se
678 495 774 546 per
798 476 972 528 multa
997 475 1178 527 secula
1204 475 1424 527 seminis
1452 476 1536 528 sui
1562 476 1858 528 deiectione

173 551 472 623 reparabit,
510 555 595 619 ut⁷
635 550 850 602 etiamsi
889 549 1041 616 uelis,
1083 549 1174 600 uix
1213 549 1388 617 possit
1428 550 1648 602 aboleri.
1717 568 1859 602 nunc

173 625 337 678 etiam
385 626 665 694 serpillum
713 624 909 676 seritur
955 624 1156 692 plantis
1213 626 1266 675 et
1317 624 1518 675 semine
1567 625 1660 675 sed
1707 627 1859 676 uetu-

173 703 316 753 state
357 699 583 751 meliori.
645 699 841 750 laetius
880 697 1172 766 frondebit,
1213 698 1258 749 si
1290 697 1443 749 iuxta
1474 697 1739 765 piscinam
1771 697 1860 749 uel

170 775 351 826 lacum
389 774 476 826 uel
509 773 660 841 putei
693 772 963 842 margines
999 774 1327 824 conseratur.
1391 789 1612 824 anesum
1646 790 1858 840 quoque

172 852 227 901 et
253 848 527 916 cyminum
551 865 692 900 nunc
716 847 852 898 bene
879 845 1091 898 seritur.
1144 845 1278 898 locis
1314 846 1633 898 laetioribus
1666 846 1858 898 melius

172 922 426 991 prouenit
459 922 698 989 itemque
733 921 942 990 ceteriS,
975 920 1020 972 si
1052 938 1239 972 umore
1274 920 1492 972 iuuetur
1526 923 1580 972 et
1607 923 1856 972 stercore.

828 1112 925 1165 DE
967 1110 1204 1165 POMIS.

282 1217 553 1270 MALVM
575 1216 927 1270 PVNIGVM.
976 1216 1135 1269 Locis
1165 1215 1483 1284 temperatis
1510 1234 1691 1269 mense
1717 1234 1858 1268 mar-
1895 1215 1948 1269 X

171 1292 248 1345 tio
298 1292 386 1344 uel
434 1292 593 1360 aprili
639 1292 783 1343 mala
829 1291 1024 1359 punica
1073 1309 1333 1358 8010111118,
1390 1291 1576 1343 calidis
1625 1309 1754 1343 uero
1804 1294 1859 1342 et

172 1366 328 1419 siccis
375 1366 672 1418 nouembri.
752 1369 897 1417 amat
941 1364 1074 1417 haec
1123 1364 1286 1417 arbor
1343 1365 1519 1416 solum
1574 1368 1860 1433 cretosum,

129 1463 147 1494 5
172 1441 538 1508 macilentum,
580 1440 671 1492 sed
709 1439 767 1491 in
806 1438 993 1508 pingui
1034 1439 1199 1491 etiam
1239 1439 1505 1508 prouenit.
1585 1439 1734 1508 regio
1777 1439 1858 1490 illi

172 1518 254 1567 est
296 1518 437 1583 apta,
479 1533 614 1582 quae
656 1514 828 1566 calida
869 1517 964 1566 est.
1036 1514 1234 1565 seritur
1274 1513 1477 1582 plantis
1519 1513 1581 1565 de
1623 1517 1858 1564 matrum

170 1589 348 1641 radice
383 1588 633 1641 (1011111818.
696 1588 787 1640 sed
821 1588 1066 1655 quamuis
1099 1587 1287 1638 multis
1314 1588 1603 1657 generibus
1631 1591 1858 1652 seratur,

172 1663 363 1715 melius
412 1667 596 1714 tamen
642 1680 823 1714 ramus
873 1662 985 1714 eius
1035 1661 1285 1714 cubitalis
1335 1661 1536 1713 incisus
1587 1660 1858 1714 manubrii

173 1736 530 1790 crassitudine
579 1740 634 1788 et
682 1735 856 1804 capite
904 1739 1133 1803 utroque
1185 1739 1341 1787 acuta
1395 1735 1531 1787 falce
1586 1736 1857 1804 leuigatus

173 1811 353 1864 scrobi
400 1811 553 1862 uelut
601 1810 851 1878 obliquus
899 1810 1238 1879 inmergitur.
1315 1809 1464 1877 prius
1515 1813 1697 1861 tamen
1740 1827 1859 1878 por-

174 1886 293 1938 cino
335 1888 572 1937 stercore
614 1887 668 1936 et
707 1885 763 1936 in
804 1885 996 1954 capite>
1020 1887 1074 1935 et
1112 1883 1170 1935 in
1209 1887 1386 1952 parte,
1435 1901 1571 1951 quae
1611 1882 1721 1935 ima
1762 1887 1859 1950 est,

174 1959 450 2011 oblinatur
502 1958 590 2010 uel
644 1958 699 2009 in
757 1959 920 2010 crudo
977 1958 1093 2009 solo
1146 1957 1339 2008 malleo
1390 1961 1616 2026 cogatur
1664 1958 1731 2009 ad
1784 1957 1860 2009 in-

172 2033 372 2085 feriora
418 2032 596 2101 defigi.
673 2032 866 2084 melius
914 2031 1218 2100 proueniet,
1270 2032 1314 2082 si
1353 2032 1632 2099 ponendus
1674 2050 1857 2083 ramus

174 2109 480 2176 gemmante
535 2107 644 2157 iam
699 2109 871 2158 matre
929 2109 1187 2158 sumatur.
1264 2105 1357 2157 sed
1417 2106 1508 2174 qui
1563 2105 1620 2157 in
1673 2106 1860 2158 scrobe

1914 2034 1947 2085 N)

128 2181 417 2250 5deponit,
480 2180 525 2232 si
583 2182 693 2232 tres
749 2180 965 2249 lapillos
1027 2180 1083 2231 in
1138 2180 1258 2248 ipsa
1312 2180 1488 2232 radice
1546 2180 1861 2247 constituat,

294 2346 318 2383 2
353 2353 645 2396 quacumque
681 2340 717 2396 Q
741 2342 754 2395 Η
779 2346 805 2382 4
840 2353 1019 2396 semper
1050 2341 1093 2382 V
1113 2342 1125 2396 ΙΙ
1151 2345 1175 2382 6
1208 2339 1360 2396 planti
1397 2340 1433 2395 Q
1462 2341 1466 2395 Ι
1495 2338 1724 2381 uetustati
1753 2338 1860 2394 LQ,

173 2399 338 2443 melior
370 2401 437 2454 E,
479 2400 707 2442 uetustati
745 2398 926 2442 meliori
963 2399 1018 2455 G,
1059 2400 1140 2442 sed
1180 2401 1419 2442 uetustate
1452 2397 1643 2441 meliore
1677 2412 1757 2441 om.
1780 2412 1815 2452 p
1847 2398 1861 2455 ῙΙ

176 2464 199 2501 7
233 2458 359 2501 iusta
397 2458 639 2514 pascinam
671 2459 720 2501 E
763 2460 776 2513 Η
824 2463 848 2500 8
888 2471 1083 2514 magnas
1122 2473 1208 2514 pro
1249 2457 1482 2514 margines
1521 2458 1561 2500 G-
1612 2461 1616 2511 1
1668 2456 1864 2499 Anisum

175 2518 443 2574 EFiacqs
470 2521 474 2573 Ι
504 2531 686 2573 quoque
712 2532 793 2561 om.
809 2532 843 2572 p
866 2520 879 2572 ΙΙ
907 2522 930 2560 9
957 2517 1178 2560 ciminum
1203 2520 1256 2560 ia
1286 2519 1290 2573 Ι
1319 2516 1527 2571 locisque
1540 2531 1575 2571 p
1599 2518 1612 2571 ΙΙ
1640 2521 1692 2558 10
1720 2515 1863 2558 ceteri

175 2578 270 2620 PL
284 2577 333 2633 Q,
368 2591 449 2620 om.
477 2577 527 2620 F
550 2578 555 2634 ἱ
583 2577 771 2620 iubetur
797 2577 942 2633 PLQ
966 2579 979 2633 1}
1007 2582 1057 2619 11
1085 2577 1164 2619 DE
1191 2575 1372 2619 POMIS
1398 2576 1548 2618 MALI
1572 2574 1776 2618 PVNICI
1800 2575 1861 2628 Ε,

176 2635 255 2679 DE
288 2635 443 2679 Pomis
476 2636 513 2678 &
544 2636 668 2679 malo
699 2636 869 2692 punico
902 2637 991 2680 iac
1015 2639 1028 2693 ΙΙ
1055 2641 1107 2678 15
1140 2635 1445 2678 macilentum
1478 2649 1559 2678 om.
1587 2635 1636 2677 E
1657 2637 1670 2689 Η
1706 2639 1758 2676 17
1793 2633 1862 2676 di-

174 2694 322 2738 uulsis
355 2696 479 2738 codd.
506 2697 520 2750 ΙΙ
546 2699 600 2738 18
627 2694 909 2738 ‘cubitularis
935 2710 971 2751 p
999 2700 1003 2750 Ι
1031 2694 1248 2738 manubri
1274 2694 1418 2750 PLQ,
1442 2697 1454 2749 Η
1482 2699 1535 2736 20
1569 2693 1711 2736 uelud
1745 2692 1862 2736 obli-

177 2768 256 2797 cus
288 2755 338 2797 E
359 2756 372 2810 ΙΙ
398 2759 451 2796 21
488 2756 534 2797 et
564 2753 613 2796 in
644 2757 778 2810 parte
812 2757 857 2796 et
888 2753 937 2796 in
970 2755 1124 2811 capite
1158 2768 1276 2809 quae
1308 2753 1439 2795 humi
1473 2755 1542 2795 est
1574 2753 1623 2795 E
1645 2755 1658 2808 ΙΙ
1692 2757 1746 2794 22
1782 2752 1861 2795 ob-

175 2812 371 2856 liniatur
403 2813 452 2856 E
496 2816 510 2869 Η
557 2818 611 2856 23
652 2814 832 2870 pondus
871 2814 911 2855 T
954 2817 967 2870 Η
1000 2819 1070 2868 ,24
1103 2814 1367 2870 gemmatae
1400 2814 1454 2866 P,
1489 2814 1721 2868 gemmate
1754 2812 1860 2867 LQ,

177 2875 394 2929 gcmante
429 2873 487 2927 F,
521 2875 776 2929 gemma‘cre
803 2887 890 2928 pro
922 2875 1187 2929 gemmante
1220 2872 1315 2914 iam
1347 2873 1496 2914 matre
1533 2872 1583 2925 T,
1625 2873 1862 2927 gemmata

176 2932 320 2988 iacy,
353 2933 617 2987 gemmante
650 2931 745 2974 iam
777 2946 858 2975 om.
879 2947 914 2987 p
939 2935 952 2988 ΙΙ
979 2937 1032 2974 25
1065 2931 1219 2988 lapilli
1244 2932 1294 2974 Ε
1315 2934 1329 2986 11
1355 2930 1701 2974 constituantur
1734 2931 1783 2972 E
