2072 3145
731 123 925 168 AGRIO.
952 124 1037 167 ΧΠ
1060 129 1175 168 4—-7
1684 123 1790 175 237

105 250 256 319 pulla
281 248 387 301 seri
417 251 600 316 potest
626 249 680 299 et
714 246 1035 298 carduorum
1066 245 1254 313 planta
1287 244 1499 313 disponi
1533 248 1588 297 et
1621 264 1792 298 armo-

105 342 261 377 racea
300 321 501 375 seritur
541 324 595 374 et
635 320 837 373 cunela.

763 512 860 565 DE
902 510 1140 564 POMIS.

220 618 341 672 Hoc
382 637 562 671 mense
602 617 734 670 locis
784 615 993 683 calidiS,
1045 614 1235 667 ceteris
1288 632 1416 666 uero
1465 615 1709 667 ianuario
1774 613 1882 667 VII

65 717 85 750 5
110 693 308 762 persici
349 711 471 745 ossa
507 691 566 744 in
603 691 891 760 pastinatis
933 689 1071 741 areis
1121 692 1247 740 sunt
1295 690 1540 756 ponenda
1579 689 1721 740 binis
1764 707 1795 740 a

111 786 166 819 se
205 766 431 835 pedibus
473 769 745 835 separata,
783 767 866 833 ut,
907 782 1028 816 cum
1067 762 1145 814 ibi
1183 763 1402 832 plantae
1444 762 1794 829 excreuerint,

108 840 520 893 transferantur.
599 841 689 892 sed
741 857 865 891 ossa
914 841 1188 907 ponantur
1245 837 1488 889 acumine
1545 837 1795 889 deorsum

109 933 266 967 uerso
308 918 363 967 et
400 933 510 967 non
550 914 782 983 amplius
824 931 986 982 quain
1020 911 1227 963 duobus
1264 914 1357 962 aut
1389 910 1564 963 tribus
1597 911 1794 978 palmis

113 989 426 1041 obruantur.
506 1007 628 1041 ossa
667 1006 812 1055 uero,
854 1004 989 1055 quae
1021 985 1267 1054 ponenda
1309 989 1450 1052 sunt,
1491 985 1659 1053 aliqui
1700 984 1796 1037 sic-

46 1087 89 1120 10
116 1065 237 1115 cata
275 1063 425 1132 prius
465 1063 650 1132 paucis
692 1060 879 1113 diebus
914 1059 1106 1113 cineris
1146 1059 1405 1111 mixtione
1438 1062 1585 1111 terra
1618 1059 1798 1110 soluta

112 1136 169 1189 in
209 1137 383 1206 qualis
424 1139 717 1189 reseruant.
790 1153 888 1204 ego
930 1153 1058 1186 uero
1100 1152 1268 1203 usque
1309 1134 1375 1185 ad
1416 1133 1625 1185 serendi
1666 1137 1798 1184 tem-

112 1229 212 1279 pus
256 1212 369 1263 sine
409 1211 518 1262 ulla
558 1229 684 1263 cura
725 1228 882 1278 saepe
932 1209 1157 1261 seruaui.
1235 1208 1369 1260 locis
1412 1207 1628 1276 quidem
1669 1225 1796 1275 qua·
1836 1207 1870 1259 2

113 1286 488 1353 libuscumque
535 1284 875 1353 proueniunt.
954 1283 1045 1335 sed
1094 1286 1147 1334 et
1193 1281 1368 1350 pomis
1417 1285 1470 1333 et
1515 1279 1796 1333 frondibus

115 1362 169 1411 et
224 1359 569 1411 durabilitate
624 1357 913 1427 praecipua
969 1360 1118 1426 sunt,
1181 1356 1226 1408 si
1290 1356 1495 1408 caelum
1553 1355 1798 1423 calidum,

49 1457 90 1490 15
117 1433 291 1486 solum
322 1433 648 1486 harenosum
689 1436 743 1483 et
775 1431 1018 1484 umidum
1059 1431 1381 1483 sortiantur:
1422 1429 1636 1498 frigidis
1670 1447 1796 1481 uero

116 1511 170 1559 et
209 1507 439 1560 maxime
480 1506 746 1575 uentosis,
790 1506 896 1557 nisi
946 1503 1163 1557 obiectu
1205 1504 1386 1572 aliquo
1429 1503 1800 1573 defendantur,

113 1582 400 1634 intereunt.
481 1582 607 1633 dum
658 1584 843 1632 tenera
895 1582 1021 1631 sunt
1072 1579 1338 1648 germina,
1398 1595 1555 1646 saepe
1615 1577 1798 1629 herbis

116 1656 467 1708 circumfossa
506 1654 819 1707 liberentur.
896 1652 1099 1705 bimam
1146 1653 1390 1720 plantam
1437 1654 1580 1704 recte
1628 1655 1801 1703 trans-

115 1729 348 1782 feremus
402 1730 589 1782 scrobe
641 1729 808 1780 breui.
885 1746 982 1779 nec
1032 1746 1062 1778 a
1110 1745 1165 1778 se
1212 1726 1430 1795 longius
1485 1725 1800 1777 statuendae

49 1828 93 1860 20
119 1807 265 1867 sunt,
316 1807 378 1855 ut
427 1803 660 1855 inuicem
713 1821 767 1854 se
820 1821 850 1854 a
902 1800 1076 1864 calore
1129 1800 1256 1852 solis
1310 1803 1579 1851 excusent.
1658 1799 1801 1851 abla-
1843 1801 1875 1852 3

120 1878 391 1946 queandae
449 1880 575 1929 sunt
628 1895 724 1945 per
781 1880 1099 1927 autumnum
1156 1878 1210 1926 et
1261 1874 1370 1926 suis
1422 1873 1800 1926 stercorandae

118 1950 277 2004 foliis.
340 1950 581 2021 putanda
619 1950 860 2019 persicus
901 1948 956 2000 in
998 1968 1059 2001 eo
1102 1953 1196 2016 est,
1235 1952 1297 2000 ut
1337 1948 1486 2000 arida
1526 1950 1580 1999 et
1618 1947 1802 2017 putria

118 2029 332 2078 tantum
371 2024 614 2095 uirgulta
653 2025 937 2076 tollantur:
978 2042 1103 2075 nam
1145 2023 1191 2074 si
1225 2022 1350 2090 quid
1390 2021 1562 2074 uiride
1603 2040 1803 2074 resece-

120 2117 255 2168 mus,
288 2100 499 2152 arescit.
547 2099 824 2168 languenti
860 2097 1039 2149 arbori
1071 2096 1270 2149 ueteris
1311 2095 1424 2148 uini
1458 2095 1598 2147 feces
1633 2114 1802 2164 aquae

53 2197 96 2230 25
121 2173 317 2226 mixtas
359 2176 575 2242 oportet
620 2172 843 2224 infundi.
923 2171 1333 2223 adfirmantibus
1374 2169 1593 2222 Graecis
1641 2170 1804 2238 persi-

124 2265 215 2300 cus
257 2247 460 2316 scripta
497 2250 763 2314 nascetur,
804 2246 849 2297 si
891 2264 1014 2297 ossa
1053 2245 1165 2296 eius
1201 2245 1397 2297 obruas
1433 2247 1486 2296 et
1525 2246 1650 2311 p0st
1692 2262 1805 2312 sep-

123 2326 235 2373 tem
274 2322 410 2390 dieS,
451 2322 542 2373 ubi
582 2320 829 2389 patefieri
870 2319 1165 2387 coeperint,
1216 2318 1418 2386 apertis
1458 2317 1543 2368 his
1584 2318 1804 2369 nucleos

122 2394 286 2447 tollas
327 2399 381 2447 et
418 2395 504 2447 his
545 2395 845 2462 cinnabari,
888 2394 1030 2461 quod
1068 2392 1285 2461 libebit,
1322 2391 1602 2443 inscribas
1681 2409 1806 2443 mox

247 2575 269 2612 1
303 2569 685 2626 potest—cunela
716 2582 798 2612 om.
827 2583 863 2624 p
890 2569 895 2626 Ι
925 2568 1168 2625 carpianta
1199 2568 1248 2610 E
1271 2570 1284 2624 Η
1310 2571 1334 2609 3
1367 2567 1435 2610 De
1466 2566 1659 2622 persicis
1692 2566 1742 2609 E
1754 2565 1770 2589 ²
1793 2565 1808 2623 Η

129 2632 155 2672 5
179 2627 378 2685 pastinis
408 2629 449 2672 G
477 2630 482 2686 Ι
509 2628 643 2672 bonis
662 2629 705 2672 L
728 2631 742 2684 Η
768 2633 792 2671 6
818 2628 880 2670 Et
897 2642 983 2684 pro
1008 2630 1062 2670 ut
1084 2629 1102 2670 τ’
1126 2630 1139 2684 ΙΙ
1166 2632 1188 2669 7
1215 2626 1525 2670 transferatur
1543 2627 1637 2669 PL
1655 2625 1769 2668 VlG
1792 2625 1808 2684 ΙΙ

127 2692 154 2732 8
188 2686 349 2744 digitis
376 2702 463 2743 pro
494 2687 663 2744 palmis
696 2702 791 2745 acy
815 2689 829 2743 ΙΙ
856 2692 908 2730 12
942 2686 1104 2730 curaui
1135 2687 1260 2731 SlE
1289 2688 1303 2742 ΙΙ
1341 2690 1393 2729 18
1429 2684 1699 2728 ciriumfusa
1724 2684 1803 2743 ΕΙ

126 2746 360 2790 BinamE
382 2749 395 2802 ΙΙ
423 2752 475 2790 19
499 2761 559 2790 ne
584 2748 677 2791 PL
693 2748 749 2801 T,
775 2760 925 2802 neque
950 2747 1127 2804 SEFfl
1156 2746 1293 2802 longe
1319 2746 1505 2804 iacqsll
1523 2750 1576 2787 22
1596 2744 1729 2787 edem
1746 2744 1806 2800 E,

129 2808 351 2849 autumno
385 2821 510 2863 (1093
538 2808 544 2862 Ι
570 2806 762 2862 putrida
801 2806 1074 2863 VFEicys
1097 2808 1111 2862 Η
1137 2810 1190 2847 23
1222 2818 1514 2848 recensemus
1540 2804 1590 2847 E
1611 2806 1624 2860 Η
1650 2808 1704 2846 24
1729 2817 1808 2846 ue-

127 2865 218 2907 teri
253 2865 294 2909 G
326 2867 339 2921 ΙΙ
364 2871 418 2909 25
451 2865 606 2922 gregis
638 2867 682 2909 L
717 2867 730 2921 Η
771 2870 825 2907 26
858 2865 1023 2908 obrues
1061 2865 1129 2922 ΤΙ
1159 2869 1213 2907 26
1248 2877 1326 2907 sex
1360 2863 1457 2907 dies
1494 2864 1552 2917 T,
1594 2862 1692 2905 dies
1725 2862 1809 2905 VH

133 2923 298 2980 Gicys
