2014 3169
80 928 122 959 10

79 1298 119 1329 15

79 1668 120 1698 20

79 2036 120 2068 25

793 118 987 163 AGRIC.
1012 120 1033 162 Ι
1058 123 1171 163 8-9
1755 121 1822 172 15

147 242 390 306 stitutae,
422 244 483 292 ut
513 241 688 310 possit
721 259 810 293 eas
843 240 1055 292 hiberni
1089 240 1218 292 solis
1253 244 1401 293 totus
1434 242 1820 309 propemodum

145 334 331 369 cursus
371 315 621 366 hilarare.
683 315 740 366 in
777 314 863 366 his
902 313 1214 381 pauimenta
1252 315 1558 383 obportuna
1591 333 1705 367 esse
1739 316 1822 366 de-

145 390 364 441 bebunt.
433 389 668 457 primum
715 389 772 439 in
817 387 1038 439 fabricis
1086 388 1261 456 planis
1312 407 1496 440 earum
1537 390 1822 441 obseruan-

145 464 272 515 dum
326 466 433 534 est,
482 466 543 514 ut
592 462 829 530 aequalis
879 465 932 513 et
980 461 1151 513 solida
1198 462 1534 532 contignatio
1584 463 1702 531 fiat,
1756 481 1822 515 ne

146 537 343 606 gradus
400 537 793 588 ambulantium
847 538 1050 591 tremor
1103 535 1338 590 fabricae
1393 537 1683 589 titubantis
1740 556 1823 590 ex-

146 611 329 663 cutiat.
407 611 594 662 deinde
649 614 711 661 ut
766 627 889 661 axes
947 627 1178 677 quernae
1232 629 1353 662 cum
1406 612 1663 664 aesculeis
1713 630 1821 663 non

146 685 485 736 misceantur.
563 702 688 735 nam
744 700 968 751 quercus
1024 701 1210 735 umore
1259 689 1542 753 conceptO,
1598 703 1719 737 cum
1768 703 1822 738 se

146 757 383 826 coeperit
431 759 653 824 siccare,
705 757 1049 826 torquebitur
1097 760 1150 808 et
1194 758 1358 810 rimas
1406 758 1463 810 in
1510 759 1822 828 pauimento

144 831 327 885 faciet:
369 832 611 884 aesculus
652 834 831 888 autem
872 831 984 882 sine
1016 831 1152 886 uitio
1187 832 1356 884 durat.
1423 834 1514 885 sed
1548 834 1593 885 si
1625 852 1823 901 quercu

147 904 466 974 subpetente
515 905 758 958 aesculus
809 905 971 974 desit,
1017 906 1291 958 subtiliter
1339 925 1565 975 quercus
1615 911 1823 960 secetur

147 983 200 1031 et
254 983 595 1037 transuersus
652 983 812 1047 atque
868 979 1103 1032 directus
1159 981 1354 1049 duplex
1408 986 1641 1049 ponatur
1693 982 1822 1034 ordo

145 1054 456 1105 tabularum
490 1053 657 1106 clauis
690 1053 1064 1121 frequentibus
1097 1054 1249 1106 fixus,
1305 1055 1367 1108 de
1402 1073 1550 1107 cerro
1579 1059 1672 1108 aut
1695 1056 1822 1125 fago

147 1130 239 1179 aut
270 1127 425 1180 farno
459 1127 761 1179 diutissime
791 1127 1035 1179 tabulata
1060 1128 1342 1196 durabunt,
1377 1129 1422 1181 si
1449 1131 1636 1182 stratis
1664 1149 1823 1198 super

144 1201 312 1270 paleis
352 1202 439 1253 uel
479 1202 618 1254 filice
657 1220 814 1253 umor
854 1202 1013 1254 calcis
1052 1220 1318 1271 nusquam
1351 1203 1416 1254 ad
1448 1204 1679 1256 tabulati
1713 1222 1823 1256 cor-

143 1293 244 1343 pus
301 1276 536 1329 accedat.
613 1279 741 1327 tunc
790 1275 1335 1343 superstatuminabis
1383 1278 1569 1347 ruduS,
1622 1278 1677 1330 id
1726 1283 1822 1344 est,

145 1368 274 1401 saxa
328 1353 555 1401 contusa
610 1349 815 1401 duabus
861 1350 1110 1417 partibus
1159 1354 1213 1402 et
1259 1370 1367 1403 una
1415 1352 1575 1404 calcis
1623 1357 1824 1421 tempe·

145 1426 298 1475 rante
347 1423 658 1476 constitues
727 1423 830 1476 hoc
879 1442 1000 1475 cum
1046 1424 1111 1475 ad
1161 1443 1252 1476 sex
1299 1426 1596 1495 digitorum
1636 1427 1823 1479 crassi-

143 1496 385 1548 tudinem
432 1497 621 1550 feceris
671 1501 724 1549 et
763 1498 952 1567 regula
992 1499 1287 1566 exploraris
1330 1501 1573 1568 aequale,
1621 1502 1666 1553 si
1705 1501 1824 1553 loca

144 1571 399 1623 hiemalia
440 1577 586 1639 sunt,
626 1572 734 1623 tale
774 1571 1147 1640 pauimentum
1188 1574 1405 1626 debebis
1447 1574 1728 1642 inponere,
1767 1575 1823 1626 in

147 1663 251 1713 quo
307 1644 393 1697 uel
447 1646 604 1698 nudis
659 1646 884 1714 pedibus
942 1649 1147 1698 stantes
1204 1647 1440 1700 ministri
1490 1648 1665 1701 hieme
1714 1666 1823 1700 non

144 1719 432 1788 rigescant.
511 1720 730 1772 inducto
786 1720 968 1788 itaque
1021 1721 1208 1772 rudere
1257 1722 1344 1773 uel
1391 1726 1629 1775 testaceo
1677 1723 1823 1791 paui-

147 1797 328 1845 mento
397 1797 683 1863 congestos
748 1797 801 1845 et
864 1792 1098 1846 calcatos
1155 1795 1325 1863 spisse
1383 1797 1640 1849 carbones
1702 1816 1823 1849 cum

147 1867 405 1919 sabulone
454 1873 508 1919 et
555 1867 742 1919 fauilla
790 1871 843 1919 et
884 1869 1026 1920 calce
1066 1869 1414 1936 permiscebis
1457 1874 1510 1922 et
1548 1871 1706 1923 huius
1747 1871 1823 1922 in·

146 1958 340 2008 pensae
382 1940 795 1993 crassitudinem
836 1960 927 1994 sex
966 1942 1137 2007 unciis
1177 1944 1387 1996 iubebis
1427 1944 1635 2013 inponi:
1680 1946 1821 2013 quod

147 2018 497 2083 exaequatum
539 2016 699 2085 nigra
735 2015 1048 2083 pauimenta
1086 2016 1344 2070 formabit
1383 2021 1450 2085 et,
1492 2019 1536 2070 si
1571 2037 1676 2087 qua
1707 2018 1822 2070 fun-

145 2088 337 2140 dentur
392 2107 455 2140 ex
510 2090 739 2157 poculiS,
794 2089 1053 2142 uelociter
1106 2096 1264 2159 rapta
1319 2092 1558 2161 desuget.
1636 2094 1727 2145 sed
1777 2094 1821 2144 si

146 2162 383 2214 aestiuae
424 2164 729 2216 mansiones
764 2167 903 2232 sunt,
945 2164 1206 2216 orientem
1241 2166 1586 2218 solstitialem
1620 2171 1673 2219 et
1704 2185 1821 2235 par-

264 2327 288 2364 2
323 2325 369 2365 et
400 2322 448 2365 in
479 2323 551 2366 his
584 2324 627 2366 L
674 2327 687 2379 ΙΙ
735 2329 760 2366 5
795 2294 1116 2368 ambulantum
1148 2325 1282 2369 VSG
1309 2326 1315 2384 Ι
1351 2328 1598 2370 tremorem
1633 2327 1779 2385 Gays
1809 2328 1824 2386 ΙΙ

147 2385 172 2423 6
207 2394 381 2424 asseres
414 2384 468 2438 z'ss
494 2388 516 2425 7
550 2382 802 2426 misceatur
826 2384 891 2425 L1
918 2387 923 2440 Ι
952 2398 1056 2427 cum
1090 2384 1295 2441 coeperit
1326 2385 1490 2429 siccari
1523 2399 1610 2443 693
1633 2389 1646 2441 ΙΙ
1672 2391 1696 2429 8
1730 2390 1825 2430 tor-

146 2442 313 2495 quetur
344 2442 512 2485 codices
544 2444 743 2498 (praeter
778 2442 836 2498 G)
869 2449 909 2486 et
943 2444 958 2486 z·
998 2447 1012 2498 ΙΙ
1054 2448 1107 2486 10
1134 2444 1314 2487 esculus
1347 2447 1453 2500 (pro
1486 2449 1698 2501 quercus)
1731 2447 1780 2488 E
1814 2446 1818 2503 Ι

147 2498 344 2542 siccetur
379 2500 541 2544 GEz'a.
579 2504 592 2556 ΙΙ
635 2506 687 2543 11
723 2501 862 2557 duple
894 2503 943 2544 E
964 2504 978 2558 ΙΙ
1012 2507 1065 2545 12
1100 2503 1156 2546 de
1190 2517 1346 2547 ceraso
1381 2505 1431 2558 V,
1471 2505 1528 2547 de
1562 2518 1725 2548 acerno
1759 2506 1776 2547 i
1818 2506 1821 2540 ἓ

147 2563 200 2601 13
235 2561 316 2601 aut
346 2558 526 2604 fraxino
559 2562 576 2603 ι’
600 2563 613 2616 ΙΙ
640 2565 694 2603 14
725 2574 955 2616 nusquam
978 2576 1059 2604 om.
1086 2563 1136 2604 E
1157 2565 1170 2618 ΙΙ
1197 2568 1250 2605 15
1278 2563 1457 2606 accedit
1490 2563 1610 2607 VlG
1639 2565 1642 2620 Ι
1671 2566 1823 2606 totum

145 2619 251 2673 (pro
283 2619 412 2674 tunc)
443 2619 493 2661 E
519 2622 523 2675 Ι
553 2633 689 2676 super
721 2619 1049 2663 statuminabis
1081 2635 1101 2665 s
1130 2624 1134 2678 Ι
1162 2622 1300 2665 rudes
1334 2623 1383 2675 V,
1421 2622 1558 2664 ruder
1590 2623 1639 2665 E
1665 2625 1669 2679 Ι
1697 2622 1823 2665 idem

146 2679 217 2719 est
246 2677 297 2719 Ε
317 2679 330 2732 ΙΙ
365 2682 417 2720 16
452 2678 551 2721 saxi
584 2678 765 2734 contusi
798 2679 912 2722 duas
943 2683 1100 2736 partes
1134 2683 1181 2723 et
1214 2695 1317 2724 cum
1348 2695 1442 2723 una
1475 2681 1613 2724 calcis
1647 2684 1821 2738 tempe-

144 2738 276 2778 ratae
302 2751 331 2779 α
355 2738 368 2792 ΙΙ
395 2741 448 2779 18
482 2737 794 2793 exploraueris
828 2753 954 2795 (ceys
982 2739 1204 2796 {·aequali
1230 2741 1279 2794 V,
1315 2740 1502 2794 equales
1527 2741 1577 2783 E
1598 2744 1612 2793 ΙΙ
1639 2746 1691 2784 19
1725 2741 1821 2784 hie-

144 2793 318 2837 maliL
346 2796 351 2851 Ι
381 2795 512 2839 debis
535 2797 571 2853 Q
595 2800 608 2853 ΙΙ
632 2802 687 2839 23
714 2797 876 2840 sabulo
902 2799 951 2840 E
976 2800 981 2856 Ι
1008 2798 1255 2854 permisces
1274 2800 1367 2856 LQ
1385 2800 1777 2843 VSTFGEiac
1819 2802 1823 2858 Ι

148 2858 202 2896 26
234 2856 367 2910 rapte
399 2855 449 2897 E
482 2857 486 2913 Ι
523 2856 740 2913 desurget
776 2857 832 2913 Q,
868 2856 1058 2914 defuget
1090 2858 1148 2913 F,
1184 2858 1411 2915 desugent
1446 2859 1529 2903 iac
1568 2861 1581 2917 {ss
1622 2864 1675 2902 ‘27
1716 2873 1821 2916 par-

145 2914 240 2955 tem
273 2915 320 2956 et
351 2914 400 2955 E
609 2951 612 2954 ,

1864 397 1894 445 10

1863 841 1896 892 09
