2014 3169
161 146 272 190 VIII
840 139 1182 183 PRAEFATIO

164 285 337 319 aversa
360 269 545 332 pagina
568 267 678 315 folii
703 265 1058 329 septuagesimi
1081 264 1229 326 primi
1262 264 1330 312 sic
1354 263 1552 326 incipit:
1591 263 1720 310 DIE
1733 262 1845 310 TA.

163 344 340 393 Ratio
397 339 838 391 observationis
879 341 992 401 etc.,
1046 341 1220 400 postea
1269 337 1456 400 legitur
1504 337 1844 400 fragmentum

165 415 633 468 commentariorum
673 413 910 462 Caesaris.
985 412 1066 460 hic
1106 428 1305 474 quoque
1346 411 1497 459 codex
1534 411 1686 459 habet
1725 427 1756 459 α
1794 412 1847 459 et

163 494 390 543 clausum
422 492 471 537 et
503 490 745 551 apertum,
785 492 804 535 t
831 502 1207 548 nonnumquam
1240 485 1544 548 subversum,
1583 500 1617 532 n
1649 484 1849 546 saepius

164 564 371 628 capitali
426 564 586 611 forma
640 562 859 625 aliaque,
924 576 1050 623 quae
1113 560 1387 621 scripturae
1443 558 1848 622 Merovingianae

163 638 365 704 propria
405 639 535 684 sunt.
597 652 757 698 neque
795 635 848 682 in
888 650 943 682 eo
985 634 1148 682 codice
1190 633 1372 681 absunt
1411 633 1537 680 tales
1573 633 1684 695 loci,
1726 647 1849 694 qua-

163 717 234 763 les
282 728 396 760 eum
442 727 472 758 a
510 710 635 758 libro
675 709 837 758 verbis
884 707 1251 757 continentibus
1300 706 1482 768 scripto
1531 708 1697 754 ortum
1744 720 1849 754 esse

164 786 526 837 demonstrant:
590 784 678 846 qui
732 799 845 831 cum
907 782 1166 844 aliquanto
1222 781 1480 843 pauciores
1536 780 1636 827 sint
1688 795 1851 842 neque

162 862 325 911 multa
363 859 542 907 menda
580 858 834 921 legantur,
879 856 1114 904 librarius
1153 856 1302 904 huius
1342 854 1523 902 codicis
1562 854 1852 918 diligentior

163 939 215 986 et
267 934 339 982 rei
392 932 763 996 intellegentior
815 931 969 979 fuisse
1023 930 1224 978 videtur
1279 945 1431 991 quam
1484 927 1848 976 Laudunensis.

164 1013 315 1072 atque
366 1007 445 1054 1110
491 1006 749 1054 Parisinus
801 1021 914 1052 cum
962 1004 1049 1051 illo
1098 1003 1420 1051 Laudunensi
1470 1003 1544 1050 ita
1591 1001 1852 1065 consentit,

163 1088 224 1132 ut
263 1080 484 1129 dubitari
522 1096 622 1128 non
659 1079 834 1142 possit,
875 1078 998 1140 quin
1037 1094 1096 1126 ex
1134 1078 1305 1126 eodem
1343 1078 1478 1125 fonte
1518 1075 1729 1124 fluxerit.

278 1155 474 1204 Tertius
508 1156 583 1202 est
622 1153 773 1201 codex
806 1153 844 1213 Q
875 1153 905 1200 1.
942 1169 979 1200 0.
1013 1151 1270 1199 Parisinus
1306 1150 1508 1199 683OD
1541 1149 1854 1198 membrana·

164 1247 293 1293 00115,
326 1245 479 1277 manu
513 1228 739 1290 scrithS,
767 1227 887 1276 olim
909 1227 1181 1288 Puteanus,
1208 1225 1394 1273 saeculi
1418 1225 1477 1288 X,
1501 1224 1738 1273 foliorum
1765 1224 1850 1288 60,

162 1321 400 1354 versuum
427 1305 510 1366 31,
549 1303 738 1350 formae
770 1317 926 1363 paene
954 1300 1241 1363 quadratae,
1283 1315 1432 1361 quem
1455 1298 1659 1346 Parisiis
1683 1313 1852 1346 mense

164 1380 380 1444 augusto
421 1377 539 1424 anni
575 1378 716 1424 1874
756 1375 958 1424 contuli.
1009 1374 1353 1422 desiderantur
1385 1375 1555 1420 autem
1585 1371 1706 1420 noni
1737 1371 1854 1420 libri

163 1455 295 1516 finis,
345 1446 584 1512 decimus,
632 1449 922 1498 undecimus
971 1448 1346 1510 duodecimique
1393 1463 1510 1509 pars
1548 1461 1754 1510 magna,
1795 1461 1855 1494 ex

165 1545 263 1592 quo
304 1527 382 1587 fit,
430 1528 490 1573 ut
537 1539 710 1573 aversa
756 1524 942 1587 pagina
988 1523 1098 1571 folii
1138 1521 1541 1584 quinquagesimi
1589 1520 1714 1568 sexti
1751 1521 1852 1568 ter-

163 1604 383 1652 minetur
419 1600 496 1647 his
535 1599 718 1647 verbis:
771 1614 964 1645 aerem
1015 1612 1258 1660 surgere
1308 1595 1533 1643 videris
1575 1588 1647 1660 (9,
1690 1595 1738 1657 8,
1781 1586 1854 1660 1),

166 1673 639 1740 quinquagesimum
665 1672 934 1734 septimum
958 1671 1024 1719 sit
1046 1686 1277 1733 vacuum,
1318 1668 1849 1732 duodesexagesimum

164 1752 233 1799 sic
272 1748 503 1814 incipiat}
549 1747 778 1793 inulam
825 1746 1041 1793 siccam
1073 1738 1198 1810 (12,
1250 1745 1338 1806 18,
1384 1736 1452 1808 1).
1530 1743 1610 1791 1110
1651 1758 1851 1805 quoquc

163 1826 290 1873 liber
327 1839 480 1870 manu
513 1821 727 1883 scriptus
758 1836 929 1868 umore
962 1819 1174 1881 carptim
1206 1820 1281 1866 est
1312 1817 1535 1866 vitiatus.
1600 1833 1658 1865 ex
1687 1832 1848 1865 vacuo

165 1902 335 1946 autem
377 1896 494 1944 folio
528 1894 943 1958 quinquagesimo
986 1893 1195 1955 septimo
1230 1891 1444 1940 efficitur
1474 1891 1621 1939 illum
1651 1890 1849 1954 librum,

165 1990 223 2021 ex
264 1987 361 2033 quo
401 1971 479 2017 hic
520 1969 795 2030 exscriptus
836 1970 930 2031 est,
977 1968 1130 2016 fuisse
1177 1966 1415 2014 mutilum
1460 1965 1647 2027 ipsum:
1695 1967 1850 2027 atque

164 2048 217 2094 in
257 2062 312 2093 eo
352 2044 501 2092 verba
542 2042 848 2091 continentia
894 2042 1046 2090 fuisse
1090 2041 1263 2089 multis
1303 2040 1424 2089 locis
1464 2039 1719 2101 probatur.
1796 2039 1851 2086 in

164 2119 408 2183 principio
451 2120 619 2165 autem
665 2117 814 2163 huius
853 2116 1068 2163 Parisini
1108 2115 1288 2163 codicis
1337 2113 1552 2162 secunda
1601 2112 1848 2175 quaedam

166 2209 343 2242 manus
383 2206 654 2254 perpaucos
694 2191 828 2239 locos
861 2189 1156 2238 emendavit.
1220 2204 1277 2236 ac
1310 2203 1616 2250 quamquam
1649 2203 1680 2235 a
1711 2202 1854 2249 aper-

166 2272 297 2330 tum,
350 2271 366 2313 t
405 2266 716 2328 subversum,
767 2280 801 2312 n
849 2264 1062 2325 capitale
1113 2265 1280 2310 textus
1330 2278 1430 2310 non
1479 2262 1581 2308 iam
1632 2263 1751 2309 sunt
1798 2260 1853 2308 in

165 2358 278 2404 usu,
310 2344 479 2388 tamen
511 2339 719 2387 dubium
749 2355 849 2387 non
881 2353 983 2386 esse
1016 2337 1227 2400 videtur,
1269 2336 1390 2398 quin
1423 2353 1481 2383 ex
1514 2335 1686 2384 eodem
1715 2335 1854 2383 fonte

168 2414 510 2464 emanaverint
561 2413 640 2460 hic
693 2413 844 2461 codex
893 2415 943 2460 et
993 2410 1338 2459 Laudunensis
1394 2412 1444 2458 et
1489 2409 1530 2457 is
1583 2408 1858 2465 Parisinus,

168 2507 318 2552 quem
355 2488 514 2550 primo
554 2488 661 2536 1000
702 2486 950 2548 descripsi.

281 2562 493 2611 Secundi
533 2561 724 2625 generis
759 2563 875 2608 sunt
908 2561 952 2608 ei
985 2560 1188 2623 codices,
1229 2558 1316 2621 qui
1353 2557 1642 2606 continuam
1671 2556 1859 2604 habent

168 2654 373 2685 manum
406 2636 672 2685 secundam
705 2636 788 2684 sed
821 2634 1134 2698 gravioribus
1158 2634 1340 2681 vacant
1370 2630 1858 2694 interpolationibus.

280 2711 390 2758 Huc
428 2711 646 2772 pertinet
697 2710 740 2757 V
774 2709 804 2755 i.
851 2725 890 2757 e.
923 2707 1320 2756 Vindobonensis
1364 2708 1490 2768 148,
1533 2721 1683 2768 quem
1719 2703 1854 2752 End-

168 2785 381 2833 licherus
415 2785 465 2830 in
492 2784 731 2847 Catalogo
758 2798 846 2832 suo
882 2782 971 2830 sub
1004 2798 1207 2829 numero
1235 2779 1447 2829 CCCXV
1477 2779 1668 2842 profert
1699 2793 1853 2830 mem-

166 2859 480 2921 branaceum,
512 2873 665 2904 manu
689 2857 943 2919 scriptum,
978 2855 1162 2904 saeculi
1188 2855 1245 2918 X,
1278 2854 1515 2902 foliorum
1541 2855 1625 2916 88,
1665 2851 1852 2900 colum-

167 2949 346 2981 narum
374 2935 417 2996 2,
443 2947 677 2980 versuum
706 2933 788 2995 27,
820 2931 1007 2979 formae
1032 2945 1187 2992 paene
1214 2928 1503 2990 quadratae.
1565 2927 1680 2989 post
1702 2925 1852 2973 illum
